2578 3898
340 203 415 262 10
1023 200 1316 266 TIBULLI
1357 202 1494 265 ΗΒ.
1525 200 1571 264 1.
1599 212 1657 267 4.

334 367 504 447 Nec,
543 368 698 431 velit
737 368 983 430 insidiis
1024 367 1180 430 altas
1222 370 1276 429 si
1320 367 1615 432 claudere
1650 369 1877 450 valles,

418 454 576 514 Dum
617 453 895 532 placeas,
934 455 1174 514 humeri
1219 455 1380 514 retia
1420 454 1595 514 ferre
1637 462 1885 533 negent.
2263 468 2334 519 50

333 535 401 597 Si
444 534 616 598 volet
658 556 857 614 arma,
891 536 1015 596 levi
1055 538 1324 597 tentabis
1364 535 1587 598 ludere
1631 537 1877 599 dextra:

420 619 620 700 Saepe
668 619 841 679 dabis
881 618 1141 698 nudum,
1182 622 1386 682 vincat
1427 628 1497 681 ut
1536 619 1684 699 ille,
1728 622 1906 682 latus.

336 702 514 765 Tunc
556 704 672 762 tibi
714 704 883 763 mitis
923 705 1078 782 erit,
1119 705 1323 784 rapias
1360 711 1489 764 tum
1533 725 1675 765 cara
1713 704 1935 767 licebit

417 785 673 847 Oscula:
714 788 1042 866 pugnabit,
1085 787 1197 847 sed
1238 796 1445 848 tamen
1491 796 1633 867 apta
1673 788 1862 849 dabit.

328 870 527 951 Rapta
571 868 744 929 dabit
781 872 1016 950 primo,
1054 890 1194 931 mox
1232 872 1458 932 afferet
1497 873 1634 951 ipse
1675 876 1952 950 roganti,
2255 886 2327 937 ⁵⁵

412 955 563 1014 Post
604 954 787 1014 etiam
830 952 995 1014 collo
1041 974 1109 1016 se
1150 954 1527 1034 implicuisse
1567 953 1752 1015 volet.

328 1038 469 1098 Heu
511 1036 668 1098 male
711 1056 872 1097 nnnc
917 1044 1084 1100 artes
1127 1040 1381 1106 miseras
1417 1038 1571 1097 haec
1605 1036 1852 1099 saecula
1886 1045 2185 1101 tractant:

414 1121 538 1181 lam
582 1127 764 1181 tener
805 1123 1074 1182 assuevit
1114 1139 1368 1182 munera
1409 1119 1575 1182 velle
1614 1140 1791 1201 puer.

327 1206 412 1267 At
451 1211 589 1282 tua,
637 1205 741 1282 qui
785 1205 1098 1267 Venerem
1134 1204 1398 1265 docuisti
1441 1204 1714 1266 vendere
1755 1207 2023 1286 primus,

413 1289 702 1367 Quisquis
745 1306 847 1365 es,
889 1288 1111 1349 infelix
1150 1295 1372 1365 urgeat
1406 1306 1543 1348 ossa
1581 1286 1762 1369 lapis.
2257 1299 2326 1351 60
2409 1324 2414 1327 -

327 1371 637 1449 Pieridas,
678 1373 891 1452 pueri,
937 1370 1154 1432 doctos
1195 1378 1260 1431 et
1302 1378 1499 1431 amate
1538 1380 1788 1452 poetas,

411 1456 618 1516 Aurea
657 1474 774 1516 nec
815 1460 1112 1535 superent
1155 1473 1408 1515 munera
1448 1456 1750 1517 Pieridas.

328 1540 615 1601 Carmine
656 1556 969 1619 purpurea
1012 1545 1111 1598 est
1151 1540 1286 1600 Nisi
1332 1559 1534 1599 coma=
1578 1540 1845 1600 carmina
1879 1542 1946 1599 ni
1986 1540 2143 1615 sint,

412 1623 503 1681 Ex
545 1622 801 1682 humero
840 1619 1094 1703 Pelopis
1135 1641 1260 1683 non
1302 1624 1590 1685 nituisset
1626 1626 1802 1686 ebur.

326 1706 521 1782 Quem
562 1706 843 1765 referent
883 1706 1134 1785 Musae,
1176 1707 1372 1785 vivet,
1416 1706 1557 1767 dum
1598 1708 1824 1768 robora
1863 1703 2086 1782 tellus,
2253 1715 2322 1769 6⁶

407 1790 562 1848 Dum
608 1788 844 1848 caelum
887 1789 1140 1867 stellas,
1184 1789 1327 1851 dum
1364 1791 1551 1850 vehet
1590 1791 1784 1851 amnis
1825 1809 2030 1868 aquas.

324 1872 410 1932 At
453 1872 556 1951 qui
599 1891 724 1931 non
765 1870 937 1931 audit
978 1875 1222 1952 Musas,
1267 1874 1372 1952 qui
1409 1872 1623 1933 vendit
1662 1890 1967 1949 amorem,

411 1955 628 2016 Idaeae
671 1975 887 2017 currus
930 1957 1042 2020 ille
1086 1964 1378 2038 sequatur
1423 1956 1577 2035 Opis

325 2040 409 2101 Et
446 2047 840 2101 tercentenas
880 2045 1200 2103 erroribus
1243 2038 1491 2120 expleat
1533 2039 1704 2098 urbis

404 2125 490 2185 Et
532 2132 705 2185 secet
746 2124 823 2186 ad
865 2126 1170 2206 Phrygios
1209 2123 1357 2184 vilia
1394 2123 1667 2182 membra
1709 2119 1942 2183 modos.
2252 2131 2319 2185 70

322 2206 647 2269 Blanditiis
684 2207 818 2269 vult
859 2229 998 2271 esse
1041 2208 1247 2269 locum
1286 2207 1499 2269 Venus
1539 2207 1700 2285 ipsa:
1743 2205 2014 2285 querelis

406 2291 834 2375 Supplicibus,
876 2295 1119 2355 miseris
1157 2292 1405 2352 fletibus
1447 2287 1553 2348 illa
1593 2289 1804 2348 favet?

322 2375 495 2439 Haec
540 2380 721 2456 mihi,
765 2395 920 2457 quae
959 2392 1242 2435 canerem
1287 2373 1493 2449 Titio,
1538 2370 1691 2431 deus
1729 2370 1928 2433 edidit
1964 2390 2106 2432 ore:

406 2461 534 2522 Sed
578 2463 811 2522 Titium
853 2461 1113 2521 coniunx
1154 2457 1310 2516 haec
1349 2456 1701 2516 meminisse
1744 2462 1930 2520 vetat.

323 2545 550 2606 Pareat
584 2545 697 2605 ille
741 2561 918 2605 suae:
960 2560 1067 2601 vos
1109 2557 1207 2618 με
1252 2537 1566 2599 celebrate
1608 2541 1995 2619 magistrum,
2250 2548 2318 2603 ‘15

407 2630 574 2705 Quos
617 2625 773 2687 male
815 2627 1004 2684 habet
1040 2621 1234 2683 multa
1276 2621 1536 2683 callidus
1581 2630 1715 2684 arte
1756 2642 1932 2705 puer.

320 2712 538 2773 Gloria
574 2712 793 2789 cuique
835 2726 942 2767 sua
981 2713 1107 2766 est:
1151 2724 1283 2785 me,
1329 2707 1434 2786 qui
1475 2715 1885 2787 spernentur,
1924 2713 2193 2769 amantes

404 2794 800 2856 Consultent:
841 2792 1080 2850 cunctis
1122 2792 1304 2851 ianua
1339 2796 1551 2851 nostra
1592 2797 1785 2872 patet.

322 2879 596 2957 Tempus
638 2875 790 2950 erit,
836 2892 971 2934 cum
1015 2893 1113 2935 me
1156 2876 1426 2938 Veneris
1465 2882 1801 2956 praecepta
1841 2875 2149 2935 ferentem

402 2961 681 3021 Deducat
719 2958 1005 3018 iuvenum
1048 2958 1263 3018 sedula
1302 2961 1483 3018 turba
1525 2977 1756 3019 senem.
2248 2965 2320 3017 80

318 3045 457 3106 Heu
498 3044 622 3102 heu
666 3058 844 3120 quam
879 3042 1199 3102 Marathus
1235 3040 1412 3101 lento
1455 3059 1555 3100 me
1598 3047 1852 3120 torquet
1885 3042 2122 3101 amore!

400 3127 712 3186 Deficiunt
753 3129 958 3205 artes,
1002 3126 1423 3203 deficiuntque
1468 3123 1617 3184 doli.

314 3210 544 3287 Parce,
582 3227 773 3290 puer,
819 3229 1081 3289 quaeso,
1121 3227 1201 3268 ne
1239 3209 1440 3288 turpis
1480 3207 1690 3268 fabula
1728 3210 1901 3289 iiam,

399 3292 555 3354 Cum
598 3313 734 3356 mea
776 3294 1071 3357 ridebunt
1111 3313 1263 3353 vana
1305 3293 1674 3371 magisteria.
