2578 3898
645 173 934 255 :rmum
981 173 1391 256 (LYGDAMJ)
1436 175 1573 239 ιιΒ.
1606 177 1708 239 111.
1739 189 1791 243 4.
1823 191 1875 245 ⁵.

165 339 186 420 ἶ
249 343 420 420 Ergo
464 360 546 403 ne
579 340 794 402 'dubita
828 340 1085 404 blandas
1129 341 1427 406 adhibere
1472 343 1791 425 querelas}

338 425 685 487 Vincuntur
727 424 898 485 molli
932 433 1188 507 pectora
1231 427 1384 487 dura
1428 447 1639 508 prece.

201 509 224 582 T„
253 507 435 585 Quod
474 510 529 568 si
571 526 718 569 vera
760 515 986 569 canunt
1026 511 1217 570 sacris
1264 511 1510 571 oracula
1555 511 1835 594 templis,

205 603 208 606 “
338 591 511 651 Haec
554 591 645 652 illi
686 598 902 652 nostro
945 595 1193 653 nomine
1236 593 1402 655 dicta
1440 595 1645 655 refer:

254 674 427 733 ‘Hoc
466 675 582 735 tibi
623 676 967 753 coniugium
1002 678 1311 755 promittit
1350 676 1565 737 Delius
1598 681 1767 759 ipse,

336 756 517 818 Felix
557 759 707 837 hoc,
754 756 938 818 alium
981 759 1198 821 desine
1232 760 1396 820 velle
1437 762 1703 822 virum.”

248 838 456 919 Dixit,
499 847 565 901 et
604 843 854 920 ignavus
897 842 1154 903 defluxit
1196 862 1460 923 corpore
1498 864 1763 907 somnus.

338 924 438 983 Ah
479 942 595 1002 ego
638 944 719 984 ne
758 928 988 1003 possim
1026 931 1196 987 tanta
1237 927 1453 988 videre
1496 926 1671 987 mala.

103 1072 112 1081 ‚
252 1006 386 1068 Nec
427 1008 543 1067 tibi
587 1007 961 1069 crediderim
997 1012 1156 1070 votis
1202 1012 1511 1070 contraria
1547 1017 1689 1071 vota

62 1094 69 1101 ‘
339 1090 470 1150 Nec
513 1096 749 1151 tantum
792 1093 1026 1152 crimen
1067 1100 1325 1172 pectore
1367 1095 1573 1155 inesse
1615 1100 1758 1154 tuoz

30 1200 75 1245 2,
251 1172 406 1234 Nam
448 1179 513 1233 te
549 1192 667 1233 nec
707 1179 861 1235 vasti
902 1183 1249 1254 genuerunt
1289 1196 1556 1257 aequora
1594 1179 1771 1257 ponti

152 1265 194 1294 ²
337 1255 467 1318 Nec
502 1258 800 1318 flammam
841 1259 1091 1320 volvens
1127 1279 1237 1320 ore
1274 1261 1601 1321 Chimaera
1639 1261 1778 1320 fero

144 1355 188 1395 ³
253 1337 385 1400 Nec
427 1341 591 1400 canis
636 1344 933 1419 anguinea
969 1342 1294 1403 redimitus
1335 1351 1510 1421 terga
1551 1350 1827 1421 caterva,

342 1423 459 1483 Cui
499 1431 631 1483 tres
673 1432 816 1484 suut
855 1425 1103 1503 linguae
1142 1427 1674 1504 tergeminumque
1717 1434 1931 1506 capnt,

136 1491 180 1519 ὲ
255 1503 588 1585 Scyllaque
630 1509 965 1586 virgineam
1007 1510 1256 1568 canibus
1300 1510 1609 1570 succincta
1649 1510 1946 1588 figuram,

338 1588 468 1649 Nec
511 1595 576 1649 te
618 1598 977 1671 conceptam
1020 1612 1198 1652 saeva
1237 1592 1457 1652 leaena
1498 1591 1673 1670 tulit,

254 1671 525 1731 Barbara
560 1691 677 1732 nec
720 1673 1007 1753 Scythiae
1051 1674 1238 1735 tellus
1278 1675 1668 1736 horrendave
1712 1674 1948 1755 Syrtis,

151 1759 172 1814 .'
341 1754 469 1814 Sed
511 1753 676 1816 culta
713 1763 780 1817 et
820 1757 991 1817 duris
1033 1777 1159 1818 non
1199 1757 1530 1819 habitanda
1570 1757 1785 1820 domus

254 1837 338 1899 Et
377 1835 564 1916 longe
607 1845 749 1910 ante
785 1838 933 1901 alias
976 1861 1187 1902 omues
1229 1843 1547 1903 mitissima
1582 1849 1778 1904 mater

337 1921 517 2001 Isque
559 1928 740 2004 pater
782 1944 900 2003 quo
938 1944 1062 1986 non
1105 1924 1268 1987 alter
1310 1924 1648 1988 amabilior.

255 2004 425 2064 Haec
469 2004 620 2066 deus
662 2007 728 2067 in
767 2008 987 2069 melius
1031 2010 1306 2071 crudelia
1346 2012 1579 2071 somnia
1620 2017 1823 2072 vertat

338 2088 420 2149 Et
458 2090 669 2149 iubeat
710 2091 954 2174 tepidos
994 2093 1174 2153 irrita
1214 2094 1389 2154 ferre
1428 2094 1640 2153 Notos.

1206 2311 1285 2376 V.

233 2464 242 2467 ·-
277 2468 280 2479 ι
325 2445 393 2488 os
436 2432 645 2511 tenet,
683 2428 965 2492 Etruscis
1007 2436 1210 2491 manat
1253 2448 1409 2508 quae
1449 2429 1723 2491 fontibus
1765 2428 1959 2509 unda,

339 2509 520 2572 Unda
556 2515 668 2572 sub
712 2515 1004 2575 aestivum
1046 2534 1172 2574 non
1216 2512 1495 2574 adeunda
1534 2515 1794 2592 Canem,

312 2613 429 2653 nnc
473 2602 674 2655 autem
718 2599 908 2658 sacris
949 2599 1229 2658 Baiarum
1272 2600 1547 2678 proxima
1589 2596 1891 2677 lymphis,

340 2676 494 2737 cam
537 2698 604 2738 se
645 2675 959 2759 purpureo
1004 2700 1151 2741 vere
1194 2683 1460 2742 remittit
1502 2681 1751 2740 humust

275 2765 339 2819 .t
376 2761 527 2819 mihi
569 2761 971 2841 Persephone
1012 2765 1247 2841 nigram
1291 2763 1614 2823 denuntiat
1652 2764 1895 2824 horam:

203 2854 237 2897 i:
338 2843 631 2904 Inmerito
672 2845 877 2905 iuveni
916 2864 1101 2924 parce
1142 2864 1426 2923 nocere,-
1448 2844 1581 2906 dea.

312 2945 391 2986 on
429 2945 544 3004 ego
588 2930 821 2988 tentavi
861 2927 1021 2988 nulli
1063 2929 1421 2989 temeranda
1459 2931 1731 2991 virorum

337 3009 552 3071 Audax
590 3010 927 3074 laudandae
968 3032 1139 3073 sacra
1175 3011 1402 3074 docere
1446 3012 1631 3092 deae,

220 3092 386 3171 Nec
420 3111 554 3153 mea
593 3097 931 3157 mortiferis
971 3097 1190 3157 infecit
1231 3096 1452 3177 pocula
1494 3098 1692 3158 succis

220 3208 227 3225 ··
338 3176 609 3237 Dextera
645 3197 762 3238 nec
805 3182 1082 3258 cuiquam
1124 3182 1273 3241 trita
1315 3199 1551 3241 venena
1589 3177 1797 3257 dedit,

253 3257 384 3319 Nec
424 3279 539 3320 nos
581 3260 865 3340 sacrilegi
902 3262 1150 3342 templis
1195 3264 1566 3325 admovimus
1607 3265 1818 3340 ignes,

341 3344 469 3404 Nec
509 3364 616 3405 cor
657 3343 994 3406 sollicitant
1033 3347 1198 3407 facta
1240 3346 1506 3407 nefanda
1547 3364 1783 3423 meum,

256 3426 386 3487 Nec
426 3446 540 3488 nos
582 3430 832 3489 insanae
872 3429 1242 3491 meditantes
1277 3431 1476 3511 iurgia
1513 3430 1738 3492 mentis

2168 186 2245 248 41

2182 357 2254 417 ⁷5

2181 2022 2248 2075 95

2181 3188 2252 3244 10
