2578 3898
392 186 487 248 34-
1032 178 1322 242 TIBULLI
1360 179 1495 241 Lm.
1527 180 1599 242 11.
1629 192 1684 246 5.
1712 192 1764 248 6.

473 350 559 410 Et
598 347 853 429 plaudat
893 368 1078 409 curru
1118 353 1561 427 praetereunte
1602 355 1802 429 pater.

392 432 646 494 Annue:
695 434 785 493 sic
829 434 947 495 tibi
988 434 1113 493 sint
1151 432 1419 509 intonsi,
1463 432 1749 512 Phoebe,
1794 430 2041 514 capilli,

477 516 581 576 Sic
621 521 727 577 tua
765 522 1069 598 perpetuo
1113 515 1197 575 sit
1236 515 1355 575 tibi
1396 521 1561 575 casta
1605 535 1801 577 soror.

1328 731 1447 797 VI.

395 818 622 909 Castra
658 847 874 907 Macer
917 847 1226 925 sequitur=
1268 853 1491 908 tenero
1537 845 1686 927 quid
1726 849 1837 910 fiet
1878 849 2139 910 Amori?

479 932 574 991 Sit
617 949 820 990 comes
864 936 930 991 et
970 930 1132 991 collo
1170 932 1424 992 fortiter
1466 951 1631 991 arma
1671 932 1891 1010 gerat?

391 1020 477 1083 Et
516 1033 625 1074 seu
666 1013 852 1092 longa
889 1015 1084 1075 virum
1127 1021 1339 1076 terrae
1379 1016 1480 1076 via
1516 1035 1626 1076 seu
1666 1035 1815 1094 vaga
1857 1013 2086 1078 ducent

477 1100 801 1177 Aequora,
847 1117 982 1157 cum
1019 1097 1165 1159 telis
1208 1098 1285 1159 ad
1327 1097 1489 1159 latus
1532 1102 1627 1159 ire
1666 1099 1874 1160 volet?

393 1187 560 1261 Ure,
601 1200 792 1261 puer,
836 1200 1093 1260 quaeso,
1130 1187 1236 1240 tua
1279 1184 1384 1260 qui
1420 1183 1594 1242 ferus
1641 1184 1765 1243 otia
1805 1182 2025 1262 liquit,

478 1269 684 1343 Atque
724 1266 951 1324 iterum
994 1282 1282 1325 erronem
1319 1265 1430 1324 sub
1473 1271 1577 1324 tua
1619 1267 1793 1344 signa
1830 1286 1994 1326 voca.

394 1348 575 1427 Quod
615 1349 669 1408 si
704 1347 1001 1407 militibus
1040 1366 1292 1428 parces,
1337 1348 1461 1406 erit
1496 1348 1599 1408 hic
1639 1367 1882 1428 quoque
1924 1346 2134 1426 miles,

478 1434 616 1514 lpse
653 1429 854 1492 levem
892 1430 1067 1509 galea
1110 1432 1211 1508 qui
1254 1432 1372 1489 sibi
1414 1437 1626 1511 portet
1662 1452 1895 1512 aquam.

395 1518 611 1579 Castra
651 1522 832 1594 peto,
873 1513 1194 1591 valeatque
1232 1514 1445 1576 Venus
1474 1514 1840 1594 valeantque
1880 1512 2158 1594 puellae=

475 1602 560 1661 Et
600 1600 750 1658 mihi
793 1603 935 1658 sunt
972 1598 1169 1673 vires,
1213 1603 1278 1656 et
1320 1598 1469 1657 mihi
1513 1598 1675 1658 facta
1715 1599 1861 1658 tuba
1902 1603 2014 1657 est.

393 1684 620 1761 Magna
658 1681 918 1760 loquor,
962 1679 1075 1740 sed
1108 1682 1427 1758 magnifice
1471 1683 1623 1743 mihi
1662 1700 1878 1762 magna
1914 1680 2123 1741 locuto

476 1767 809 1826 Excutiunt
852 1763 1092 1824 clausae
1134 1765 1326 1824 fortia
1365 1766 1554 1826 verba
1595 1767 1784 1826 fores.

393 1850 590 1910 luravi
635 1849 919 1926 quotiens
959 1846 1303 1908 rediturum
1347 1848 1425 1908 ad
1462 1848 1673 1909 limina
1711 1847 2045 1924 nunquam!

481 1932 633 1993 Cum
676 1933 836 1993 bene
877 1932 1102 2012 iuravi,
1141 1951 1254 2014 pes
1299 1937 1504 1994 tamen
1543 1934 1678 2012 ipse
1717 1928 1903 1989 redit.

400 2016 560 2078 Acer
601 2018 822 2094 Amor,
866 2015 1092 2076 fractas
1133 2017 1364 2077 utinam
1408 2024 1511 2077 tua
1551 2014 1678 2075 tela
1718 2013 2001 2090 sagittas,

487 2101 595 2160 Sei
635 2098 821 2179 licet,
869 2099 1168 2159 extinctas
1212 2101 1623 2180 aspiciamque
1667 2095 1869 2155 faces!

397 2184 499 2245 Tu
540 2184 829 2243 miserum
867 2189 1156 2262 torques,
1197 2189 1267 2242 tu
1307 2201 1406 2241 me
1445 2182 1595 2241 mihi
1640 2180 1773 2239 dira
1814 2177 2061 2258 precari

480 2268 666 2345 Cogis
712 2273 777 2325 et
817 2267 1027 2326 insana
1065 2273 1274 2326 mente
1318 2264 1583 2324 nefanda
1622 2262 1813 2342 loqui.

399 2352 516 2410 lam
557 2349 715 2409 mala
754 2350 1028 2409 finissem
1066 2349 1227 2426 leto,
1266 2347 1379 2407 sed
1422 2346 1676 2406 credula
1714 2347 1898 2406 vitam

482 2434 638 2513 Spes
677 2432 848 2493 fovet
884 2439 951 2493 et
990 2433 1130 2493 fore
1172 2450 1308 2490 cras
1349 2448 1595 2509 semper
1639 2430 1726 2489 ait
1764 2427 2004 2488 melius.

398 2517 554 2596 Spes
597 2514 709 2576 alit
749 2514 1082 2595 agricolas,
1124 2515 1291 2593 Spes
1326 2512 1510 2573 sulcis
1547 2512 1751 2573 credit
1793 2513 1978 2571 aratis

482 2600 757 2677 Semina,
801 2618 958 2679 quae
999 2614 1214 2675 magno
1258 2595 1479 2656 fenore
1521 2595 1746 2655 reddat
1787 2612 1966 2672 ager:

396 2683 568 2743 Haec
610 2683 830 2762 laqueo
873 2680 1188 2760 volucres,
1223 2680 1380 2739 haec
1424 2686 1630 2759 captat
1671 2677 1971 2738 arundine
2013 2676 2248 2755 pisces,

482 2767 636 2827 Cum
675 2772 896 2825 tenues
936 2766 1148 2824 hamos
1191 2762 1430 2824 abdidit
1467 2769 1609 2824 ante
1654 2765 1857 2824 cibus:

398 2850 555 2928 Spes
599 2850 781 2909 etiam
825 2848 1024 2909 valida
1066 2847 1304 2909 solatur
1345 2847 1644 2928 compede
1681 2847 1948 2907 vinctum

482 2932 712 3011 (Crura
754 2937 974 2992 sonant
1010 2932 1216 3009 ferro,
1261 2930 1374 2991 sed
1412 2932 1575 2990 canit
1615 2931 1782 2988 inter
1826 2925 2037 3004 opus)=

399 3017 555 3097 Spes
594 3016 841 3076 facilem
882 3014 1193 3073 Nemesim
1229 3011 1498 3091 spondet
1540 3012 1723 3086 mihi,
1765 3007 1877 3066 sed
1918 3011 2104 3083 negat
2141 3002 2269 3065 illa.

479 3101 604 3160 Hei
645 3098 828 3174 mihi,
865 3114 945 3155 ne
986 3096 1224 3170 vincas,
1268 3094 1420 3151 dura
1460 3090 1697 3171 puella,
1741 3087 1935 3148 deam.

396 3185 626 3261 Parce,
670 3200 785 3261 per
824 3182 1146 3239 immatura
1186 3183 1329 3236 tuae
1368 3191 1593 3253 precor
1639 3190 1774 3232 ossa
1814 3172 2074 3233 sororis:

485 3266 588 3326 Sic
631 3266 792 3324 bene
834 3263 945 3322 sub
987 3266 1206 3320 tenera
1243 3278 1430 3337 parva
1473 3258 1747 3335 quiescat
1785 3256 1989 3317 humo.

398 3349 509 3409 llla
544 3346 694 3406 mihi
738 3351 947 3404 sancta
989 3349 1115 3420 est,
1157 3341 1330 3403 illius
1375 3340 1533 3401 dona
1569 3338 1857 3421 sepulcro

480 3432 565 3490 Et
603 3425 948 3487 madefacta
989 3427 1144 3486 meis
1189 3432 1358 3487 serta
1394 3424 1591 3486 feram
1631 3423 1938 3501 lacrImis,

2325 1609 2394 1659 10

2323 2022 2390 2073 15

2318 2848 2389 2900 25

2321 3260 2393 3316 30
