2578 3898
1054 65 1068 101 l

311 192 390 255 28
1002 188 1295 251 TIBULLI
1335 187 1471 249 ΗΒ.
1499 186 1570 247 ΙΙ.
1596 198 1649 251 3.

392 358 556 419 Hine
598 376 815 433 cruor,
856 357 1002 418 hinc
1044 355 1266 418 caedes
1306 374 1473 416 mors
1513 357 1894 435 propiorque
1934 360 2120 420 venit.

305 441 549 503 Praeda
587 461 737 520 vago
773 442 953 501 iussit
994 442 1309 518 geminare
1349 436 1624 518 pericula
1664 445 1855 518 ponto
1873 482 1893 517 ‚

391 524 625 585 Bellica
670 544 805 586 cum
849 523 1049 583 dubiis
1090 530 1296 583 rostra
1338 521 1513 582 dedit
1552 524 1805 585 ratibus.
2233 537 2310 590 40

306 607 649 670 Praedator
694 609 863 687 cupit
897 607 1210 667 inmensos
1254 606 1546 666 obsidere
1590 625 1865 686 campos,

390 693 476 753 Ut
517 691 709 752 multa
748 693 1068 766 innumera
1109 691 1323 768 iugera
1362 696 1573 769 pascat
1615 709 1760 764 ove3

310 776 428 837 Cui
465 773 528 835 la
530 777 625 855 pis
670 781 960 835 externus
1004 792 1187 833 curae
1231 780 1360 850 est,
1403 774 1695 850 urbisque
1736 776 2029 837 tumultus

389 858 685 919 Portatur
728 855 946 917 validis
987 855 1161 916 mille
1206 856 1487 916 columna
1527 858 1717 934 iugis,
1869 864 1880 879 ·“

176 788 251 1056 ζ
307 941 552 1003 Claudit
594 949 659 1002 et
692 940 1052 1000 indomitum
1092 938 1289 1000 moles
1326 958 1525 1017 mare,
1566 938 1773 1000 lentus
1814 947 1884 1001 ut
1922 942 2087 1005 intra
2232 954 2303 1006 45

388 1024 674 1103 Negligat
715 1025 1006 1084 hibernas
1049 1025 1236 1103 piscis
1278 1023 1497 1084 adesse
1541 1026 1751 1083 minas.

306 1110 390 1169 At
432 1110 548 1169 tibi
588 1107 750 1168 laeta
792 1108 1039 1168 trahant
1076 1108 1316 1168 Samiae
1355 1109 1628 1168 convivia
1668 1114 1869 1168 testae

387 1193 687 1271 Fictaque
731 1192 999 1251 Cumana
1037 1189 1277 1251 lubrica
1319 1197 1488 1251 terra
1529 1199 1683 1250 rota.

306 1274 447 1334 Heu
483 1276 606 1334 heu
650 1274 941 1334 divitibus
982 1273 1163 1334 video
1207 1273 1475 1352 gaudere
1515 1272 1789 1353 puellas:

388 1358 511 1417 lam
550 1359 797 1418 veniant
837 1357 1139 1438 praedae,
1177 1359 1229 1418 si
1270 1358 1480 1419 Venus
1524 1364 1696 1437 optat
1739 1376 1927 1437 opes3
2231 1372 2303 1422 50

306 1441 392 1503 Ut
428 1459 564 1501 mea
604 1439 846 1501 luxuria
885 1440 1164 1502 Nemesis
1205 1443 1354 1501 fluat
1393 1446 1582 1518 utque
1622 1459 1739 1523 per
1780 1445 1997 1503 urbem

387 1523 639 1586 Incedat
680 1524 856 1585 donis
899 1524 1333 1605 conspicienda
1369 1526 1541 1587 meis.
1983 1548 1998 1559 ‘

303 1605 419 1667 llla
462 1615 637 1687 gerat
675 1616 879 1670 vestes
924 1615 1174 1685 tenues,
1221 1627 1370 1686 quas
1411 1607 1643 1669 femina
1682 1609 1812 1670 Coa

390 1690 649 1770 Texuit,
690 1700 928 1753 auratas
972 1692 1394 1772 disposuitque
1430 1693 1588 1753 vias.

302 1771 404 1834 Illi
448 1775 572 1835 sint
609 1778 864 1837 comites
905 1776 1092 1853 fusci,
1137 1795 1289 1853 quos
1332 1776 1504 1837 India
1544 1784 1778 1853 torret,
2231 1787 2297 1838 55

389 1856 554 1918 Solis
597 1865 663 1920 et
703 1859 962 1919 admotis
1005 1859 1202 1918 inficit
1242 1860 1403 1935 ignIs
1447 1861 1659 1936 equis.

305 1939 399 2001 llli
442 1940 708 2003 selectos
751 1946 995 2006 certent
1033 1942 1339 2019 praebere
1383 1940 1625 2000 colores

386 2025 600 2087 Africa
638 2025 963 2106 puniceum
1002 2040 1500 2104 purpureumque
1546 2023 1767 2101 Tyros.

302 2107 462 2169 Nota
502 2108 754 2189 loquor.
792 2127 1047 2187 regnum
1087 2107 1223 2185 ipse
1266 2106 1475 2178 tenet,
1521 2124 1700 2183 quem
1743 2123 1928 2185 saepe
1967 2086 2171 2187 coegit

384 2193 656 2253 Barbara
698 2197 985 2271 gypsatos
1028 2190 1199 2249 ferre
1246 2195 1475 2249 catasta
1516 2189 1730 2269 pedes.
2224 2202 2295 2254 60

304 2276 400 2335 Sit
438 2278 552 2337 tibi
596 2275 748 2335 dura
792 2293 1003 2352 seges,
1046 2273 1357 2332 Nemesim
1402 2274 1507 2351 qui
1552 2272 1803 2334 abducis
1849 2274 1923 2334 ab
1963 2276 2150 2352 urbe,

384 2356 708 2419 Persolvat
750 2356 922 2416 nulla
965 2357 1196 2416 semina
1238 2361 1410 2414 terra
1449 2354 1594 2415 fide.

303 2442 388 2502 Et
430 2449 524 2520 tu,
569 2441 809 2501 Bacche
846 2446 1062 2515 tener,
1105 2436 1408 2497 iucundae
1447 2439 1722 2499 consitor
1766 2458 1951 2517 uvae,

386 2525 486 2584 Tu
522 2541 762 2602 quoque
805 2521 1092 2599 devotos,
1132 2521 1406 2597 Bacche,
1449 2521 1738 2601 relinque
1777 2522 1963 2584 lacus.

299 2606 480 2669 Haud
515 2610 761 2685 impune
801 2603 954 2664 licet
993 2605 1293 2665 formosas
1336 2606 1618 2672 tristibus
1661 2607 1822 2685 agris
2228 2616 2295 2670 65

382 2689 661 2751 Abdere.
705 2706 832 2747 non
872 2690 1029 2749 tanti
1072 2694 1214 2749 sunt
1253 2694 1359 2748 tua
1394 2697 1624 2768 musta,
1667 2698 1866 2770 pater.

302 2776 355 2835 Ο
396 2772 640 2833 valeant
679 2770 924 2851 fruges,
967 2792 1048 2833 ne
1092 2774 1215 2833 sint
1257 2772 1440 2833 modo
1484 2792 1632 2835 rure
1672 2773 1953 2854 puellae.

385 2855 575 2916 Glans
619 2851 774 2932 alat,
820 2862 888 2916 et
926 2859 1131 2935 prisco
1171 2876 1347 2917 more
1393 2859 1683 2919 bibantur
1725 2877 1938 2937 aquae.

301 2939 490 3001 Glans
530 2935 680 2997 aluit
719 2945 999 3017 veteres,
1046 2947 1111 3000 et
1145 2943 1372 3021 passim
1415 2960 1661 3021 semper
1704 2946 2011 3001 amarunt.

383 3020 546 3099 Quid
585 3022 796 3081 nocuit
836 3021 1039 3082 sulcos
1081 3043 1205 3082 non
1244 3025 1531 3084 habuisse
1576 3024 1789 3083 satos?
2225 3033 2294 3086 70

302 3105 484 3181 Tum,
530 3105 751 3184 quibus
792 3107 1102 3185 aspirabat
1142 3107 1363 3183 Amor,
1406 3107 1746 3185 praebebat
1786 3112 2004 3187 aperte

381 3189 557 3249 Mitis
599 3191 664 3249 in
708 3192 993 3251 umbrosa
1034 3188 1249 3268 gaudia
1289 3187 1452 3248 valle
1496 3189 1727 3252 Venus.

295 3270 516 3333 Nullus
559 3280 695 3334 erat
737 3280 977 3352 custos,
1019 3272 1190 3333 nulla
1232 3271 1554 3333 exclusura
1598 3272 1886 3335 dolentes

381 3356 593 3417 Ianua:
637 3358 690 3417 si
728 3358 820 3417 fas
863 3364 989 3435 est,
1032 3376 1163 3418 mos
1200 3374 1430 3437 precor
1470 3355 1583 3417 ille
1626 3356 1783 3419 redi.

304 3479 1784 3505 .........................
2229 3449 2294 3504 75
