2578 3898
927 218 1214 281 TIBULLI
1259 218 1397 279 LIB.
1431 219 1476 285 1.
1507 230 1560 283 4.
1615 168 1621 173 ἢ

228 392 353 454 Hic
393 391 630 472 placet,
689 391 964 469 augustis
1009 389 1175 470 quod
1220 409 1444 469 equum
1489 392 1828 471 compescit
1869 392 2159 453 habenis:

316 475 439 536 Hic
480 474 785 555 placidam
826 477 1007 537 niveo
1050 482 1311 554 pectore
1352 476 1537 556 pellit
1579 476 1826 554 aquam':

229 558 386 637 Hic,
433 560 576 638 quia
608 558 792 618 fortis
828 558 1006 618 adest
1047 558 1334 637 audacia,
1380 562 1580 639 cepit:
1621 567 1684 619 at
1725 558 1823 620 illi

316 643 650 720 Virgineus
695 650 946 703 teneras
990 648 1111 702 stat
1151 643 1356 723 pudor
1398 650 1541 703 ante
1585 662 1792 723 genas.

233 724 360 786 Sed
401 745 484 785 ne
526 732 589 787 te
633 728 912 805 capiant,
954 728 1155 806 primo
1197 728 1250 786 si
1294 729 1459 787 forte
1501 728 1784 807 negabit,

317 808 583 870 Taedia:
628 809 924 890 paulatim
969 811 1078 870 s‘ub
1122 812 1261 888 iuga
1306 810 1469 871 colla
1511 811 1699 871 dabit.

234 893 447 973 Longa
494 892 627 954 dies
669 895 903 955 homini
948 893 1159 953 docuit
1196 914 1419 974 parere
1455 894 1709 973 leones,

316 978 531 1057 Longa
574 977 709 1038 dies
742 977 917 1038 molli
961 996 1102 1038 saxa
1140 978 1392 1058 peredit
1434 999 1618 1057 aqua:

233 1062 446 1121 Annus
489 1062 554 1121 in
596 1064 821 1142 apricis
859 1068 1124 1123 maturat
1168 1062 1434 1122 collibus
1471 1081 1652 1139 uvaS‚

317 1147 532 1206 Annus
575 1148 700 1224 agit
742 1153 911 1206 certa
954 1145 1160 1206 lucida
1204 1149 1377 1226 signa
1417 1148 1570 1207 vice.

232 1228 364 1289 Nec
403 1231 612 1289 iurare
654 1231 834 1290 time:
875 1231 1145 1294 Veneris
1186 1232 1462 1309 periuria
1503 1231 1674 1289 venti

319 1314 503 1373 irrita
543 1332 659 1393 per
701 1321 903 1374 terras
947 1322 1014 1373 et
1054 1315 1218 1375 freta
1260 1334 1492 1374 summa
1532 1315 1766 1374 ferunt.

235 1396 451 1458 Gratia
495 1417 710 1476 magna
750 1399 904 1458 lovi:
946 1399 1143 1458 vetuit
1183 1405 1365 1477 pater
1405 1400 1542 1478 ipse
1584 1397 1825 1477 valere,

321 1480 593 1542 Iurasset
636 1481 861 1561 cupide
898 1481 1193 1560 quicquid
1236 1483 1484 1562 ineptus
1528 1501 1728 1541 amor:

233 1565 482 1642 Perque
521 1585 658 1625 suas
701 1567 950 1644 impune
994 1567 1141 1625 sinit
1182 1566 1489 1644 Dictynna
1533 1566 1786 1642 sagittas

318 1649 644 1722 Affirmes,
690 1651 895 1709 crines
938 1667 1177 1728 perque
1217 1650 1503 1709 Minerva
1544 1666 1706 1707 suos.

235 1733 320 1793 At
362 1734 414 1791 si
455 1732 670 1792 tardus
714 1734 873 1809 eris,
917 1733 1186 1792 errabis:
1229 1733 1493 1790 transiet
1534 1737 1720 1790 aetas.

320 1817 514 1892 Quam
558 1817 682 1875 cito
721 1835 844 1875 nou
889 1817 1096 1894 segnis
1139 1821 1260 1876 stat
1303 1821 1661 1894 remeatque
1707 1811 1869 1874 dies!

236 1901 428 1977 Quam
473 1901 596 1962 cito
638 1917 990 1981 purpureos
1034 1899 1327 1981 deperdit
1370 1906 1541 1961 terra
1580 1898 1861 1976 colores,

322 1986 515 2061 Quam
560 1986 683 2044 cito
723 1986 1024 2045 formosas
1065 1984 1329 2065 populus
1375 1984 1497 2044 alta
1536 1984 1766 2044 comas!

238 2070 431 2145 Quam
467 2070 665 2146 iacet,
708 2070 988 2129 infirmae
1031 2087 1262 2128 venere
1307 2069 1413 2128 ubi
1454 2069 1582 2127 fata
1623 2072 1949 2143 senectae,

323 2153 441 2226 Qui
479 2154 656 2231 prior
697 2151 853 2212 Eleo
900 2159 997 2213 est
1039 2170 1293 2211 carcere
1337 2153 1556 2211 missus
1602 2151 1824 2229 equus!

237 2235 386 2297 Vidi
428 2237 548 2295 iam
591 2237 904 2311 iuvenem,
946 2241 1265 2317 premeret
1311 2254 1446 2293 cum
1484 2236 1685 2294 serior
1727 2240 1929 2311 aetas,

323 2319 713 2396 Maerentem
757 2318 982 2379 stultos
1025 2320 1427 2399 praeteriisse
1471 2318 1622 2381 dies,

241 2402 547 2463 Crudeles
591 2404 744 2464 divi!
790 2423 1049 2483 serpens
1087 2423 1275 2463 novus
1325 2404 1492 2463 exuit
1537 2422 1757 2463 annos:

322 2487 587 2547 Formae
630 2507 753 2547 non
796 2488 984 2548 ullam
1028 2489 1154 2548 fata
1199 2487 1435 2548 dedere
1473 2507 1723 2546 moram.

242 2568 404 2630 Solis
449 2577 702 2631 aeterna
744 2579 843 2632 est
881 2573 1137 2632 Phoebo
1180 2573 1546 2649 Bacchoque
1588 2572 1865 2631 iuventa:

323 2654 477 2713 Nam
522 2653 704 2716 decet
745 2658 1027 2716 intonsus
1071 2657 1259 2715 crinis
1303 2661 1628 2733 utrumque
1674 2654 1875 2714 deum.

243 2737 375 2814 Tu,
418 2757 613 2816 puero
661 2739 1071 2817 quodcunque
1114 2746 1221 2797 tuo
1265 2745 1574 2816 temptare
1614 2737 1873 2812 libebit,

326 2820 561 2882 Cedas:
606 2822 903 2900 obsequio
948 2821 1213 2899 plurima
1246 2822 1439 2879 vincit
1482 2839 1670 2878 amor.

240 2906 377 2965 Neu
419 2923 624 2964 comes
664 2906 759 2964 ire
804 2922 1031 2981 neges,
1080 2904 1351 2981 quamvis
1389 2904 1486 2961 via
1524 2902 1705 2982 longa
1741 2908 1998 2983 paretur

325 2989 409 3049 Et
451 2989 636 3049 Canis
681 2989 884 3048 arenti
926 2993 1165 3047 torreat
1203 3007 1347 3046 arva
1391 2988 1528 3066 siti,

244 3073 528 3149 Quamvis
571 3079 942 3152 praetexens
985 3073 1161 3153 picea
1204 3071 1527 3150 ferrugine
1573 3069 1809 3130 caelum

330 3156 668 3218 Venturam
713 3156 996 3216 admittat
1038 3155 1322 3216 imbrifer
1369 3175 1545 3215 arcus
1591 3172 1827 3232 aquam.

243 3239 366 3302 Vel
408 3241 461 3300 si
504 3239 821 3301 caeruleas
864 3240 1056 3320 puppi
1092 3239 1261 3299 volet
1298 3240 1395 3300 ire
1438 3258 1556 3318 per
1596 3235 1824 3315 undas,

328 3325 465 3405 Ipse
505 3322 708 3385 levem
750 3343 926 3385 remo
966 3342 1084 3404 per
1124 3324 1291 3382 freta
1331 3321 1501 3403 pelle
1543 3326 1759 3382 ratem.

246 3406 375 3467 Nec
418 3414 482 3467 te
519 3411 838 3488 paeniteat
880 3407 1068 3467 duros
1108 3408 1372 3468 subiisse
1411 3404 1661 3466 labores

330 3492 456 3552 Aut
497 3511 688 3573 opera
728 3495 1005 3554 insuetas
1049 3492 1382 3552 atteruisse
1423 3509 1671 3569 manus,

2202 221 2244 284 9

2179 740 2243 790 15

2177 1571 2244 1623 25

2177 1990 2324 2054 30,

2178 2408 2246 2461 35

2178 2826 2249 2878 40

2187 3247 2253 3299 45
