2578 3898
386 164 464 226 38
816 162 1104 224 TIBULLI
1150 162 1556 245 (LYGDAMI)
1598 165 1737 228 LIB.
1770 166 1870 227 111.
1903 180 1954 232 3.

468 332 726 409 Insignis
770 329 934 391 clara
976 331 1464 411 conspicuusque
1508 330 1727 412 domo‘,

381 417 505 474 Aut
547 419 615 474 ut
657 411 850 473 multa
892 414 1015 474 mei
1053 422 1428 474 renovarent
1468 416 1682 494 iugera
1721 419 1884 478 tauri

463 499 546 559 Et
588 516 832 576 magnas
875 496 1107 558 messes
1148 504 1322 558 terra
1361 500 1629 577 benigna
1669 498 1881 579 daret,

383 581 508 641 Sed
544 586 747 641 tecum
790 586 860 640 ut
901 578 1126 659 longae
1167 582 1467 642 sociarem
1508 582 1727 661 gaudia
1767 584 1928 645 vitae

464 665 655 743 Inque
697 671 803 724 tuo
849 663 1103 724 caderet
1146 671 1360 725 nostra
1401 672 1655 727 senecta
1694 668 1833 727 sinu

380 748 559 809 Tunc
602 767 737 807 cum
777 766 1106 826 permenso
1152 746 1481 810 defunctus
1521 755 1804 833 tempore
1836 751 1993 813 lucis

460 829 672 891 Nudus
712 830 985 891 Lethaea
1028 849 1289 910 cogerer
1331 832 1427 892 ire
1471 834 1654 893 rate?

375 916 529 974 Nam
571 933 754 993 grave
798 914 946 991 quid
987 914 1247 994 prodest
1282 915 1524 996 pondus
1557 916 1709 976 mihi
1752 914 1957 976 divitis
2002 917 2167 995 auri,

459 999 745 1077 Arvaque
783 998 836 1057 si
874 996 1110 1057 findant
1145 1000 1396 1079 pinguia
1436 998 1607 1060 mille
1650 1000 1883 1060 boves?

378 1080 613 1159 Quidve
657 1081 868 1141 domus
911 1081 1170 1160 prodest
1210 1082 1496 1162 Phrygiis
1537 1084 1745 1161 innixa
1783 1082 2113 1162 columnis,

462 1165 746 1225 Taenare
788 1166 916 1224 sive
957 1166 1079 1224 tuis
1098 1208 1116 1244 ,
1157 1167 1285 1227 sive
1331 1167 1591 1244 Caryste
1627 1168 1783 1241 tuis,

375 1250 458 1310 Et
495 1266 746 1307 nemora
787 1249 853 1307 in
897 1246 1174 1308 domibus
1213 1268 1419 1309 sacros
1456 1250 1760 1308 imitantia
1798 1247 1974 1310 lucos

458 1333 851 1410 Aurataeque
892 1334 1103 1392 trabes
1145 1350 1675 1412 marmoreumque
1719 1330 1965 1393 solum?

376 1414 612 1492 Quidve
655 1416 721 1475 in
763 1416 1113 1493 Erythraeo
1155 1414 1388 1494 legitur
1431 1436 1587 1496 quae
1627 1415 1816 1477 litore
1859 1418 2092 1478 concha

460 1499 805 1576 Tinctaque
846 1498 1098 1558 Sidonio
1139 1502 1373 1561 murice
1414 1499 1557 1559 lana
1592 1502 1789 1577 iuvat,

372 1585 455 1644 Et
490 1600 644 1661 quae
685 1588 1012 1663 praeterea
1049 1581 1313 1662 populus
1356 1584 1660 1642 mIratur?
1699 1584 1766 1642 in
1806 1580 1935 1642 illis

458 1665 690 1727 Invidia
735 1672 863 1727 est:
907 1664 1063 1726 falso
1106 1665 1375 1745 plurima
1414 1664 1630 1746 vulgus
1671 1670 1850 1726 amat.

374 1750 510 1810 Non
559 1752 776 1830 opibus
816 1757 1055 1809 mentes
1093 1750 1408 1810 hominum
1452 1766 1762 1830 curaeque
1791 1742 2116 1810 'levanturz

456 1834 605 1894 Nam
648 1834 926 1893 Fortuna
967 1853 1074 1891 sua
1111 1838 1393 1912 tempora
1434 1831 1578 1909 lege
1621 1835 1801 1909 regit.

373 1918 468 1978 Sit
512 1918 662 1977 mihi
701 1920 1030 1997 paupertas
1076 1919 1275 1974 tecum
1319 1914 1615 1990 iucunda,
1656 1916 1929 1974 Neaera:

454 2003 539 2062 At
580 2002 712 2062 sine
751 2005 814 2059 te
855 2016 1067 2076 regum
1112 2016 1366 2057 munera
1406 1995 1577 2055 nulla
1616 1993 1777 2056 volo.

372 2087 424 2146 Ο
467 2087 736 2163 niveam,
782 2101 937 2161 quae
977 2088 1042 2141 te
1084 2082 1323 2160 poterit
1366 2079 1516 2139 mihi
1560 2078 1861 2158 reddere,
1898 2079 2131 2141 lucem!

455 2170 507 2229 Ο
555 2169 704 2228 mihi
743 2165 995 2227 felicem
1036 2170 1257 2241 terque
1298 2169 1641 2243 quaterque
1680 2162 1871 2223 diem!

372 2256 456 2313 At
496 2255 584 2329 si,
628 2270 741 2332 pro
788 2249 952 2310 dulci
993 2248 1201 2308 reditu
1247 2265 1648 2328 quaecunque
1690 2255 2020 2327 voventur,

457 2335 683 2395 Audiat
725 2352 934 2394 aversa
974 2350 1099 2391 non
1141 2350 1313 2391 meus
1355 2350 1503 2391 aure
1548 2330 1732 2409 deuS,
1801 2345 1804 2348 ’

368 2421 497 2479 Nec
542 2437 638 2479 me
680 2436 872 2495 regna
913 2418 1122 2476 iuvant
1164 2433 1280 2475 nec
1321 2414 1554 2493 Lydius
1596 2416 1829 2476 aurifer
1870 2416 2062 2475 amuis

454 2501 585 2561 Nec
630 2520 777 2580 qua·
818 2506 1127 2559 terrarum
1172 2499 1436 2558 sustinet
1479 2500 1648 2559 orbis
1690 2518 1860 2579 opes.

367 2585 538 2646 Haec
582 2584 686 2645 alii
730 2585 1009 2664 cupiant,
1052 2581 1239 2647 liceat
1278 2583 1429 2642 mihi
1469 2602 1741 2665 paupere
1786 2580 1955 2643 cultu

453 2668 683 2729 Securo
729 2683 868 2727 cara
904 2668 1164 2745 coniuge
1200 2685 1386 2747 posse
1426 2667 1571 2729 frui.
2049 2683 2050 2686 ’

368 2750 551 2814 Adsis
597 2758 663 2812 et
704 2750 936 2812 timidis
976 2752 1216 2828 faveas,
1263 2751 1579 2828 Saturnia,
1622 2749 1814 2828 votis,
1917 2793 1920 2794 ν

404 2854 413 2858 ·
449 2837 778 2896 Et'faveas
822 2836 1086 2912 concha,
1129 2835 1391 2918 Cypria,
1434 2840 1609 2895 vecta
1652 2839 1773 2894 tua.

368 2920 494 2980 Aut
536 2922 589 2979 si
628 2920 754 2980 fata
793 2925 1020 2997 negant
1065 2919 1336 2979 reditum
1379 2919 1714 2994 tristesque
1759 2931 2041 2994 sorores,

452 3004 723 3064 Stamina
762 3021 916 3082 quae
960 3002 1190 3062 ducunt
1234 3018 1511 3080 quaeque
1551 2998 1757 3057 futura
1797 3005 2022 3077 neunt,

366 3086 477 3150 Me
513 3094 694 3148 vocet
736 3088 799 3147 in
841 3092 1044 3147 vastos
1086 3103 1294 3144 amnes
1335 3084 1695 3159 nigramque
1735 3080 2024 3160 paludem

447 3172 633 3233 Dives
675 3172 742 3231 in
780 3171 995 3251 ignava
1035 3167 1274 3230 luridus
1320 3165 1516 3223 Orcus
1561 3184 1731 3252 aqua.

2312 845 2375 897 lo

2308 1262 2371 1314 15
