2578 3898
354 211 397 270 2
700 166 705 169 ’
1034 202 1327 266 TIBULLI
1365 201 1580 264 mm.
1614 214 1667 266 1.

434 375 566 438 Nec
608 392 857 455 semper
893 372 1115 451 longae
1159 368 1408 430 deditus
1442 387 1582 430 esse
1622 370 1789 446 viae,

354 458 481 520 Sed
523 458 710 518 Canis
758 459 1022 517 aestivos
1067 462 1240 515 ortus
1280 455 1479 512 vitare
1517 454 1631 513 sub
1669 454 1888 513 umbra

435 542 696 603 Arboris
747 539 826 599 ad
862 541 1025 599 rivos
1068 538 1531 618 praetereuntis
1576 555 1791 614 aquae.

354 627 487 688 Nec
527 631 733 683 tamen
775 621 1089 682 interdum
1126 620 1360 701 pudeat
1398 621 1678 680 tenuisse
1723 619 2014 681 bidentes

436 709 562 769 Aut
602 704 849 766 stimulo
892 703 1103 765 tardos
1140 706 1317 763 incre
1362 705 1527 763 uisse
1569 706 1795 780 boves,

351 793 490 852 Non
536 807 827 867 agnamve
869 789 1007 848 sinu
1049 789 1258 867 pigeat
1331 795 1575 847 etumve
1613 784 1890 866 capellae

435 875 764 934 Desertum
810 870 1005 932 oblita
1048 878 1244 931 matre
1285 869 1533 930 referre
1580 870 1844 931 domum.

352 960 436 1020 At
471 976 580 1017 vos
618 958 838 1035 exiguo
876 956 1126 1035 pecori,
1168 955 1470 1033 furesque
1507 953 1801 1033 lupique,

434 1041 713 1101 Parcite:
760 1039 840 1099 de
882 1058 1100 1115 magno
1142 1038 1376 1118 praeda
1418 1037 1689 1117 petenda
1730 1056 1941 1116 grege.

350 1125 470 1185 Hic
513 1141 628 1202 ego
670 1130 1105 1203 pastoremque
1146 1141 1349 1182 meum
1389 1119 1659 1181 lustrare
1705 1128 1855 1199 quot
1896 1122 2070 1180 annis

435 1208 520 1267 Et
560 1206 861 1286 placidam
905 1204 1079 1266 soleo
1119 1223 1416 1285 spargere
1459 1204 1623 1264 lacte
1661 1203 1893 1267 Palem.

349 1290 627 1367 Adsitis,
670 1288 827 1367 divi,
867 1308 984 1349 nec
1027 1310 1135 1349 vos
1178 1288 1257 1348 de
1303 1306 1577 1368 paupere
1619 1307 1830 1347 mensa

437 1374 613 1433 Dona
657 1391 775 1433 nec
818 1391 854 1432 e
899 1375 1070 1453 puris
1114 1374 1396 1453 spernite
1433 1371 1746 1431 fictilibus.

350 1456 601 1520 Fictilia
645 1459 927 1534 antiquus
969 1458 1233 1536 primum
1277 1458 1396 1516 sibi
1438 1456 1593 1515 fecit
1635 1456 1898 1534 agrestis

433 1540 694 1618 Pocula,
739 1541 816 1600 de
855 1540 1028 1602 facili
1070 1542 1539 1620 composuitque
1584 1538 1739 1598 luto.

349 1626 486 1685 Non
529 1643 643 1703 ego
689 1624 930 1685 divitias
973 1632 1216 1704 patrum
1257 1625 1624 1701 fructusque
1659 1625 1948 1702 requiro,

435 1709 602 1784 Quos
649 1708 795 1768 tulit
836 1710 1086 1786 antiquo
1135 1708 1385 1768 condita
1425 1709 1647 1768 messis
1690 1728 1830 1768 avo:

346 1792 542 1852 Parva
577 1811 755 1869 seges
801 1795 950 1853 satis
994 1799 1123 1869 est,
1170 1795 1319 1851 satis
1362 1799 1492 1869 est,
1534 1793 1938 1870 requiescere
1979 1791 2144 1851 lecto

432 1874 539 1934 Sei
576 1873 731 1936 licet
774 1883 841 1936 et
882 1875 1067 1936 solito
1107 1876 1382 1932 membra
1422 1874 1630 1932 levare
1671 1881 1830 1934 toro.

347 1960 543 2036 Quam
580 1962 749 2020 iuvat
787 1962 1054 2020 immites
1090 1964 1308 2017 ventos
1354 1955 1570 2015 audire
1612 1958 1938 2015 cubantem

428 2043 514 2102 Et
556 2042 858 2104 dominam
898 2051 1117 2103 tenero
1161 2039 1503 2099 detinuisse
1543 2041 1680 2098 sinu

347 2126 505 2203 Aut,
546 2125 785 2204 gelidas
826 2128 1123 2185 hibernus
1166 2143 1352 2201 aquas
1392 2142 1526 2181 cum
1570 2120 1808 2182 fuderit
1851 2122 2116 2201 Auster,

431 2209 730 2269 Securum
767 2229 1011 2269 somnos
1052 2209 1254 2267 imbre
1293 2208 1542 2266 iuvante
1585 2206 1792 2284 sequi!

343 2291 482 2353 Hoc
524 2293 677 2352 mihi
719 2293 1061 2368 contingat:
1100 2293 1183 2349 sit
1225 2289 1396 2348 dives
1427 2290 1598 2366 iure,
1637 2290 1914 2349 furorem

430 2376 552 2452 Qui
589 2375 773 2434 maris
815 2380 881 2433 et
922 2376 1137 2433 tristes
1175 2374 1350 2432 ferre
1392 2379 1604 2451 potest
1646 2370 1901 2450 pluvias.

347 2460 401 2519 Ο
447 2466 738 2536 quantum
782 2464 881 2517 est
921 2460 1055 2517 auri
1095 2462 1316 2536 pereat
1358 2457 1688 2535 potiusque
1731 2455 2071 2536 smaragdi,

430 2542 621 2617 Quam
665 2543 815 2601 fleat
857 2543 936 2599 ob
978 2547 1221 2600 nostras
1265 2538 1393 2598 ulla
1432 2538 1647 2618 puella
1686 2540 1832 2601 vias.

345 2625 442 2685 Te
478 2621 722 2683 bellare
768 2623 952 2683 decet
991 2630 1193 2699 terra,
1239 2621 1542 2700 Messala,
1587 2625 1899 2724 marique,

425 2708 514 2768 Ut
556 2705 769 2766 domus
802 2705 1061 2766 hostiles
1104 2706 1423 2785 praeferat
1464 2709 1742 2767 exuvias:

341 2790 453 2851 Me
493 2791 772 2849 retinent
808 2790 1078 2850 vinctum
1116 2789 1429 2849 formosae
1469 2789 1674 2851 vincla
1715 2790 1995 2872 puellae,

425 2873 511 2932 Et
551 2872 741 2931 sedeo
787 2871 970 2932 duras
1013 2874 1242 2932 ianitor
1287 2881 1431 2933 ante
1476 2875 1666 2935 fores.

341 2955 480 3016 Non
523 2973 636 3033 ego
676 2953 916 3014 laudari
957 2975 1139 3034 curo,
1182 2975 1320 3017 mea
1354 2956 1565 3017 Delia·
1606 2966 1813 3019 tecum

427 3038 583 3097 Dum
627 3037 807 3098 modo
854 3039 1000 3118 sim,
1045 3058 1273 3119 quaeso
1319 3042 1524 3120 segnis
1567 3043 1863 3119 inersque
1899 3060 2101 3102 vocer.

344 3120 442 3180 Te
485 3127 800 3202 spectem,
841 3142 1128 3203 suprema
1169 3126 1322 3184 mihi
1365 3145 1500 3185 cum
1540 3126 1784 3185 venerit
1819 3125 2004 3204 hora,

428 3203 527 3264 Te
570 3211 813 3266 teneam
856 3209 1127 3268 moriens
1172 3207 1506 3269 deficiente
1547 3226 1748 3267 manu.

339 3284 559 3348 Flebis
604 3295 670 3348 et
706 3309 921 3349 arsuro
964 3294 1234 3371 positum
1274 3310 1409 3363 me,
1449 3289 1664 3369 Delia,
1703 3289 1908 3368 lecto,

428 3370 743 3433 Tristibus
784 3379 850 3434 et
889 3372 1163 3434 lacrimis
1205 3372 1416 3433 oscula
1457 3374 1645 3432 mixta
1687 3371 1876 3432 dabis.

340 3449 589 3517 Flebis.
631 3475 757 3517 non
793 3464 897 3519 tua
935 3464 1079 3519 sunt
1122 3456 1277 3517 duro
1318 3453 1686 3532 praecordia
1721 3455 1894 3516 ferro

2283 1964 2352 2017 45

2280 2387 2353 2438 50
