2578 3898
407 185 487 246 22
1070 185 1360 248 TIBULLI
1401 185 1535 249 LIB.
1572 185 1618 246 1.
1653 196 1743 250 10.

489 357 772 418 Haesura
812 360 877 417 in
918 363 1135 418 nostro
1177 354 1307 416 tela
1350 357 1515 434 gerit
1553 354 1773 416 latere.

408 440 535 500 Sed
571 443 757 522 patrii
804 447 1047 502 servate
1088 442 1313 500 Lares:
1358 439 1597 500 aluistis
1640 447 1707 501 et
1748 438 1947 514 idem,

492 526 824 587 Cursarem
865 532 1108 586 vestros
1153 543 1289 584 cum
1334 532 1514 585 tener
1549 531 1699 585 ante
1740 523 1954 602 pedes.

409 608 543 669 Neu
585 609 817 690 pudeat
857 611 1064 689 prisco
1108 627 1217 668 vos
1259 627 1399 668 esse
1442 627 1477 668 e
1523 609 1741 688 stipite
1782 608 2009 675 factos.

494 694 598 752 Sic
635 695 867 753 veteris
909 692 1091 752 sedes
1135 691 1486 752 incoluistis
1524 694 1636 753 avi.

411 776 588 838 'lunc
625 776 843 837 melius
886 784 1149 837 tenuere
1191 775 1413 854 fidem,
1456 796 1593 836 cum
1635 793 1907 855 paupere
1949 740 2120 834 cultu

493 862 710 921 Stabat
748 863 815 920 in
853 861 1081 938 exigua
1106 859 1350 937 ligneus
1395 860 1549 920 aede
1593 859 1764 920 deus.

408 944 528 1004 Hic
573 943 851 1024 placatus
894 950 1061 1022 erat,
1105 962 1216 1003 seu
1256 946 1391 1022 quis
1434 943 1738 1004 libaverat
1777 962 1986 1018 uvam,

495 1029 620 1089 Seu
664 1027 925 1089 dederat
966 1035 1214 1088 sanctae
1259 1030 1467 1108 spicea
1509 1035 1676 1089 serta
1715 1045 1958 1088 comaez

412 1114 617 1190 Atque
663 1110 884 1191 aliquis
928 1114 1057 1172 voti
1104 1132 1354 1192 compos
1394 1112 1523 1173 liba
1564 1114 1702 1192 ipse
1743 1112 1994 1172 ferebat

493 1196 767 1274 Postque
812 1214 1018 1256 comes
1058 1216 1280 1276 purum
1320 1195 1450 1256 fllia
1492 1216 1678 1274 parva
1711 1195 1932 1256 favum.

411 1282 497 1340 At
532 1282 711 1340 nobis
756 1285 996 1358 aerata,
1037 1282 1264 1357 Lares,
1309 1278 1614 1360 depellite
1651 1278 1811 1356 tela,

496 1364 838 1442 Hostiaque
878 1382 914 1424 e
951 1362 1138 1445 plena
1179 1364 1410 1425 rustica
1449 1383 1675 1444 porcus
1715 1364 1882 1424 hara.

411 1449 586 1509 Hanc
629 1469 784 1528 pura
826 1467 961 1508 cum
1005 1454 1177 1508 veste
1206 1466 1445 1526 sequar
1485 1455 1811 1526 myrtoque
1857 1449 2124 1509 canistra

498 1533 721 1594 Vincta
763 1551 1005 1611 geram,
1049 1538 1251 1610 myrto
1294 1532 1535 1592 vinctus
1581 1538 1647 1592 et
1686 1533 1821 1611 ipse
1864 1540 2065 1612 caput.

414 1616 517 1675 Sic
559 1614 833 1696 placeam
874 1618 1078 1676 vobis:
1124 1614 1279 1675 alius
1323 1616 1406 1675 sit
1442 1615 1626 1675 fortis
1665 1617 1733 1676 in
1777 1617 1995 1694 armis,

499 1699 753 1761 Sternat
794 1708 862 1760 et
901 1700 1189 1760 adversos
1233 1700 1443 1760 Marte
1484 1700 1734 1762 favente
1776 1698 1997 1778 duces,

413 1783 500 1843 Ut
541 1785 693 1844 mihi
733 1785 973 1863 potanti
1013 1785 1211 1862 possit
1248 1804 1357 1844 sua
1401 1783 1613 1846 dicere
1655 1785 1818 1845 facta

497 1866 688 1928 Miles
732 1873 797 1928 et
835 1868 902 1925 in
940 1885 1151 1925 mensa
1192 1869 1453 1945 pingere
1494 1874 1695 1928 castra
1731 1885 1921 1926 mero.

420 1953 570 2029 Quis
611 1953 787 2012 furor
832 1958 930 2010 est
971 1956 1164 2008 atram
1207 1947 1396 2008 bellis
1439 1967 1763 2010 accersere
1806 1947 2113 2008 mortem?

502 2037 784 2096 Imminet
826 2040 891 2094 et
932 2034 1120 2094 tacito
1166 2030 1324 2091 clam
1367 2033 1539 2091 venit
1578 2031 1691 2091 illa
1727 2030 1910 2110 pede.

417 2121 553 2181 Non
598 2140 777 2199 seges
820 2126 917 2180 est
952 2118 1147 2195 infra,
1188 2135 1316 2176 non
1356 2117 1533 2175 vinea
1572 2114 1768 2193 culta,
1812 2114 1924 2176 sed
1969 2112 2162 2176 audax

503 2206 817 2265 Cerberus
862 2210 928 2264 et
971 2204 1218 2281 Stygiae
1259 2201 1461 2260 navita
1505 2200 1704 2279 turpis
1749 2218 1969 2278 aquae:

417 2288 557 2350 Illic
590 2290 1022 2367 percussisque
1065 2286 1238 2361 genis
1282 2288 1545 2360 ustoque
1593 2281 1824 2364 capiflo

502 2374 688 2431 Errat
733 2370 810 2429 ad
853 2369 1145 2427 obscuros
1187 2365 1420 2446 pallida
1460 2368 1642 2425 turba
1683 2365 1872 2427 lacus.

420 2457 611 2532 Quam
651 2454 857 2533 potius
898 2448 1238 2511 laudandus
1282 2450 1387 2508 hic
1431 2456 1559 2528 est,
1603 2468 1786 2530 quem
1821 2451 2001 2531 prole
2043 2459 2254 2533 parata

504 2540 779 2615 Occupat
820 2538 885 2594 in
927 2554 1111 2613 parva
1150 2534 1326 2613 pigra
1372 2541 1622 2594 senecta
1666 2536 1831 2595 casa!

419 2622 558 2701 Ipse
598 2639 735 2679 suas
778 2623 1052 2679 sectatur
1091 2636 1268 2694 oves,
1313 2624 1374 2677 at
1413 2618 1581 2679 filius
1625 2638 1847 2698 agnw,

503 2706 588 2766 Et
630 2700 889 2761 calidam
930 2702 1096 2761 fesso
1144 2708 1441 2781 conparat
1472 2722 1625 2764 uxor
1669 2711 1903 2782 aquam.

423 2789 525 2848 Sic
568 2805 682 2864 ego
728 2787 875 2864 sim,
913 2784 1227 2864 liceatque
1274 2792 1458 2866 caput
1502 2786 1878 2849 candescere
1920 2788 2118 2860 canis,

505 2870 834 2948 Temporis
878 2876 945 2930 et
982 2870 1173 2947 prisci
1215 2870 1379 2931 facta
1420 2872 1668 2932 referre
1713 2889 1944 2931 senem.

419 2953 664 3014 Interea
704 2954 830 3013 Pax
872 2973 1015 3013 arva
1058 2953 1234 3013 colat.
1279 2955 1407 3015 Pax
1451 2954 1710 3015 candida
1750 2955 2013 3033 primum

505 3037 690 3096 Duxit
732 3043 1012 3097 araturos
1055 3039 1166 3098 sub
1210 3039 1351 3117 iuga
1393 3038 1595 3118 panda
1636 3040 1857 3111 boves,

420 3120 547 3180 Pax
587 3120 736 3180 aluit
774 3122 932 3181 vites
978 3127 1044 3182 et
1086 3141 1302 3183 succos
1348 3120 1626 3182 condidit
1669 3138 1853 3197 uvae,

502 3202 826 3265 Funderet
868 3211 937 3264 ut
977 3210 1121 3265 nato
1163 3211 1325 3265 testa
1363 3211 1622 3283 paterna
1662 3222 1927 3263 merum:

419 3286 582 3348 Pace
626 3286 847 3348 bidens
888 3297 1221 3367 vomerque
1263 3289 1503 3365 vigent,
1550 3294 1613 3347 at
1650 3289 1854 3348 tristia
1895 3287 2032 3346 duri

504 3373 730 3434 Militis
771 3373 837 3432 in
881 3374 1159 3433 tenebris
1205 3377 1463 3450 occupat
1508 3392 1673 3432 arma
1715 3372 1900 3445 situs,

419 3453 707 3518 Rusticus
749 3475 787 3517 e
828 3454 1097 3535 lucoque
1137 3455 1343 3532 vehit,
1386 3453 1547 3517 male
1591 3456 1834 3517 sobrius
1876 3455 2047 3533 ipse,

2358 449 2425 499 15

2353 868 2424 919 20

2351 1287 2423 1339 25

2353 2127 2424 2178 35

2353 2547 2426 2597 40

2256 2962 2421 3013 ·45

2353 3381 2420 3432 50
