2578 3898
374 232 411 293 6
895 193 903 201 ’
1021 226 1311 289 τιΒυιιι
1348 225 1484 289 Lm.
1516 225 1561 287 1.
1596 236 1646 290 2.
1677 237 1729 293 s.

372 398 787 480 Ilunc'puer‚
831 398 995 459 hunc
1039 396 1276 457 iuvenis
1321 396 1502 456 turba
1539 397 1928 459 circumterit
1968 405 2136 477 arta,
2318 406 2389 463 9⁵

455 482 718 562 Despuit
762 484 826 542 in
871 480 1095 542 molles
1137 487 1205 541 et
1245 481 1366 540 sibi
1411 482 1671 561 quisque
1716 484 1904 543 sinus.

371 566 456 626 At
496 568 649 627 mihi
685 585 907 647 parce,
945 567 1192 629 Venus:
1237 582 1488 645 semper
1531 567 1647 627 tibi
1690 565 1905 628 dedita
1948 570 2142 629 servit

456 650 639 711 Mens
681 669 847 712 mea:
888 649 1038 729 quid
1080 667 1318 710 messes
1356 651 1487 710 uris
1525 651 1749 713 acerba
1787 652 1966 713 tuas?

1312 857 1440 922 111.

366 944 548 1035 'bitis
592 976 872 1053 Aegaeas
909 975 1043 1035 sine
1081 992 1213 1052 me,
1257 973 1567 1052 Messala,
1609 993 1727 1056 per
1768 973 1997 1053 undas,

452 1058 504 1118 Ο
541 1059 773 1118 utinam
815 1076 1120 1119 memores
1157 1060 1295 1139 ipse
1335 1061 1683 1139 cohorsque
1726 1061 1879 1120 mci:

367 1143 476 1204 Me
516 1149 692 1202 tenet
730 1144 961 1221 ignotis
999 1161 1251 1222 aegrum
1294 1144 1598 1204 Phaeacia
1638 1145 1860 1204 terris:

451 1227 782 1287 Abstineas
826 1225 1065 1305 avidas,
1111 1228 1287 1288 Mors
1325 1247 1554 1308 precor
1595 1234 1761 1306 atra,
1804 1247 2034 1288 manus.

366 1312 729 1389 AbstineaS‚
773 1311 950 1371 Mors
995 1319 1159 1390 atra,
1204 1331 1466 1393 precor:
1520 1331 1643 1372 non
1687 1313 1790 1373 hic
1831 1315 1982 1372 mihi
2025 1319 2220 1374 mater
2347 1321 2378 1372 5

450 1398 622 1474 Quae
663 1394 832 1474 legat
875 1396 941 1454 in
983 1403 1250 1456 maestos
1296 1415 1433 1457 ossa
1475 1404 1729 1476 perusta
1769 1397 1973 1475 sinus,

364 1480 502 1541 Non
546 1498 759 1557 soror,
804 1480 1096 1559 Assyrios
1140 1482 1336 1541 cineri
1386 1500 1541 1559 quae
1581 1478 1769 1541 dedat
1812 1479 2038 1542 odores

448 1566 532 1625 Et
570 1565 720 1624 fleat
762 1564 975 1624 effusis
1021 1570 1164 1624 ante
1208 1561 1496 1644 sepulcra
1539 1565 1763 1641 comis,

365 1648 545 1709 Delia
588 1667 712 1707 non
757 1668 1048 1728 usquam;
1093 1667 1250 1727 quae
1293 1667 1390 1707 me
1435 1667 1569 1707 cum
1614 1649 1895 1709 mitteret
1934 1649 2121 1726 urbe,

449 1733 692 1793 Dicitur
735 1740 878 1793 ante
926 1751 1137 1793 omnes
1181 1731 1567 1794 consuluisse
1612 1732 1810 1793 deos„
2313 1743 2378 1793 10

364 1816 474 1880 llla
519 1836 722 1877 sacras
761 1818 941 1898 pueri
985 1823 1187 1875 sortes
1231 1823 1332 1876 ter
1378 1816 1657 1877 sustulit:
1699 1816 1798 1876 illi

448 1901 717 1964 Rettulit
760 1920 795 1962 c
838 1900 1036 1960 triviis
1080 1899 1281 1959 omina
1326 1906 1500 1960 certa
1542 1918 1720 1980 puer.

366 1989 602 2049 Cuncta
647 1986 874 2047 dabant
916 1982 1186 2043 reditus.
1231 1990 1439 2043 tamen
1481 1990 1581 2044 est
1622 1983 1929 2046 deterrita
1968 2001 2308 2061 nunquam,

449 2074 612 2150 Quin
652 2071 837 2132 fleret
877 2074 1119 2129 nostras
1160 2067 1677 2148 prospiceretque
1719 2068 1862 2127 vias.

361 2159 500 2237 lpse
545 2175 659 2234 ego
705 2152 973 2232 solator,
1016 2171 1154 2214 cum
1189 2153 1310 2212 iam
1347 2150 1632 2213 mandata
1675 2129 2016 2231 dedissem,
2310 2166 2373 2216 15

448 2240 831 2317 Quaerebam
873 2236 1081 2300 tardas
1119 2238 1330 2297 anxius
1374 2255 1569 2315 usque
1613 2255 1835 2297 moras.

364 2328 487 2386 Aut
531 2343 645 2403 ego
690 2342 821 2382 sum
866 2328 1144 2383 causatus
1190 2340 1332 2381 aves
1375 2327 1480 2381 aut
1521 2322 1723 2381 omina
1763 2319 1929 2398 dira,

447 2409 772 2468 Saturnive
811 2425 1044 2466 sacram
1088 2423 1186 2465 me
1230 2405 1506 2484 tenuisse
1551 2403 1732 2465 diem.

238 2493 260 2560 ¹,
364 2495 415 2552 0
464 2493 749 2570 quotiens
790 2490 1104 2568 ingressus
1146 2491 1273 2550 iter
1317 2490 1468 2548 mihi
1512 2490 1717 2550 tristia
1759 2487 1886 2549 dixi

448 2577 765 2635 Offensum
807 2574 870 2632 in
910 2580 1089 2651 porta
1133 2574 1305 2651 signa
1351 2572 1598 2634 dedisse
1640 2571 1895 2654 pedem!
2302 2588 2371 2639 20

362 2658 603 2721 Audeat
649 2658 836 2717 invito
877 2674 957 2715 ne
1003 2658 1138 2736 quis
1185 2656 1515 2718 discedere
1552 2659 1814 2730 Amore,

445 2745 569 2804 Aut
615 2743 766 2802 sciat
809 2758 1124 2818 egressum
1168 2760 1235 2802 se
1276 2743 1655 2823 prohibente
1703 2740 1841 2802 deo.

361 2827 524 2903 Quid
562 2834 665 2886 tua
706 2843 868 2883 nunc
910 2825 1023 2885 Isis
1063 2827 1251 2906 mihi,
1298 2826 1514 2906 Delia,
1560 2825 1709 2907 quid
1750 2828 1900 2888 mihi
1942 2836 2202 2909 prosunt

445 2910 553 2970 llla
597 2916 700 2969 tua
741 2909 973 2968 totiens
1019 2928 1165 2971 aera
1205 2909 1458 2991 repulsa
1499 2931 1718 2988 manu,

292 2999 295 3002 ’
361 2993 629 3071 Quidve,
671 2993 776 3072 pie
820 2989 964 3052 dum
1007 3013 1182 3054 sacra
1224 2994 1415 3073 colis,
1456 3013 1767 3074 pureque
1777 2992 1969 3057 lavari
2302 3008 2367 3060 25

447 3078 543 3138 Te
588 3075 899 3154 (memini)
944 3083 1011 3137 et
1049 3097 1206 3158 puro
1252 3079 1610 3140 secubuisse
1655 3079 1840 3139 toro‘2

359 3161 568 3239 Nunc,
614 3159 762 3239 dea,
805 3181 968 3222 nunc
1011 3181 1305 3223 succurre
1349 3163 1499 3222 mihi
1544 3162 1714 3241 (nam
1758 3182 1942 3244 posse
1985 3129 2223 3226 mederi

444 3246 618 3306 Picta
662 3244 847 3307 docet
887 3245 1136 3327 templis
1181 3246 1373 3307 multa
1418 3245 1649 3308 tabella
1690 3249 1881 3327 tuis),

358 3329 445 3390 Ut
484 3348 621 3390 mea
661 3332 892 3391 votivas
934 3331 1295 3412 persolvens
1338 3330 1518 3393 Delia
1557 3350 1741 3393 voces

443 3414 609 3474 Ante
646 3433 849 3475 sacras
884 3414 1013 3476 lino
1054 3422 1223 3477 tecta
1264 3416 1437 3478 fores
1480 3415 1699 3477 sedeat
2299 3428 2370 3483 30

365 3496 588 3578 Bisque
633 3497 736 3560 die
780 3498 1057 3562 resoluta
1097 3520 1303 3565 comas
1347 3502 1463 3564 tibi
1508 3497 1720 3561 dicere
1760 3498 1978 3563 laudes
