2578 3898
864 193 1157 259 TIBULLI
1200 195 1338 258 LIB.
1370 196 1413 258 1.
1449 211 1500 263 1.
1530 207 1582 262 2.
2199 201 2239 261 3

309 363 565 438 Vincta,
610 382 728 425 nec
765 366 832 425 in
871 369 1096 426 tenero
1142 371 1264 427 stat
1302 368 1420 428 tibi
1466 367 1658 429 corde
1699 367 1874 430 silex.

223 445 344 508 lllo
387 467 513 507 non
553 449 793 509 iuvenis
833 451 1073 529 poterit
1106 449 1186 511 de
1228 452 1453 512 funere
1498 454 1820 531 quisquam
2170 459 2239 513 65

307 531 598 611 Lumina,
639 551 765 593 non
806 535 1012 613 virgo,
1054 535 1218 595 sicca
1258 536 1507 597 referre
1552 536 1815 598 domum.

227 614 326 677 Tu
361 616 583 677 Manes
612 634 693 676 ne
728 615 912 678 laede
953 637 1153 698 meos,
1198 619 1313 679 sed
1354 639 1543 702 parce
1588 620 1808 681 solutis

310 699 603 760 Crinibus
647 707 712 762 et
753 703 1022 780 teneris,
1065 701 1277 782 Delia,
1321 724 1512 784 parce
1549 706 1744 785 genis.

225 783 503 861 Interea,
547 782 691 844 dum
735 785 862 845 fata
901 787 1142 864 sinunt,
1185 789 1507 866 iungamus
1546 807 1821 850 amores=

310 867 432 927 Iam
474 869 685 928 veniet
724 870 1005 930 tenebris
1045 871 1224 931 Mors
1266 872 1566 953 adoperta
1611 879 1826 953 caput,
2172 882 2241 936 70

224 951 348 1012 lam
392 953 692 1033 subrepet
729 954 901 1015 iners
944 960 1146 1033 aetas,
1190 974 1396 1035 neque
1439 975 1644 1018 amare
1691 957 1971 1037 decebit,

310 1036 538 1096 Dicere
580 1055 698 1097 nec
741 1057 892 1098 cano
937 1036 1270 1100 blanditias
1316 1042 1523 1121 capiti.

225 1120 401 1179 Nunc
443 1118 601 1180 levis
646 1128 746 1181 est
784 1122 1107 1182 tractanda
1149 1124 1398 1203 Venus,
1459 1124 1602 1184 dum
1645 1124 1940 1204 frangere
1980 1131 2194 1206 postes

306 1203 447 1263 Non
483 1203 678 1286 pudet
714 1212 781 1265 et
823 1206 986 1266 rixas
1028 1208 1371 1268 inseruisse
1413 1209 1599 1270 iuvat.

223 1286 345 1348 Hic
387 1306 503 1367 ego
549 1288 671 1350 dux
717 1287 1023 1368 milesque
1067 1292 1298 1352 bonus:
1353 1312 1494 1371 vos,
1533 1294 1706 1372 signa
1738 1293 2082 1373 tubaeque,
2171 1301 2236 1354 75

308 1372 401 1432 lte
442 1373 693 1454 procul,
740 1374 980 1453 cupidis
1022 1374 1280 1436 vulnera
1322 1377 1489 1437 ferte
1530 1379 1716 1455 viris,

224 1456 417 1516 Ferte
463 1463 529 1518 et
566 1476 747 1538 opes=
788 1476 904 1537 ego
944 1461 1285 1539 composito
1332 1479 1586 1520 securus
1629 1479 1849 1522 acervo

309 1540 661 1622 Despiciam
706 1541 869 1603 dites
908 1541 1370 1624 despiciamque
1408 1545 1651 1606 famem.

1185 1748 1274 1812 II.

223 1832 412 1924 Adde
454 1881 691 1924 merum
732 1864 1000 1944 vlnoque
1041 1883 1232 1926 novos
1275 1883 1602 1946 compesce
1644 1864 1933 1945 dolores,

310 1947 589 2028 Occupet
630 1955 700 2008 ut
739 1948 894 2009 fessi
935 1948 1168 2010 lumina
1206 1952 1369 2012 victa
1412 1971 1638 2032 sopor=

223 2033 358 2093 Neu
402 2034 723 2112 quisquam
759 2031 954 2094 multo
996 2036 1317 2114 perfusum
1357 2041 1642 2116 tempora
1682 2037 1927 2100 Baccho

305 2117 589 2194 Excitet,
630 2115 849 2178 infelix
890 2116 1035 2177 dum
1077 2121 1420 2197 requiescit
1459 2139 1649 2180 amor.

221 2200 375 2261 Nam
418 2200 621 2279 posita
662 2206 762 2260 est
797 2207 1050 2262 nostrae
1091 2202 1371 2262 custodia
1412 2221 1593 2262 saeva
1630 2201 1911 2285 puellae,
2202 2214 2234 2262 5

308 2282 640 2344 Clauditur
684 2290 750 2345 et
794 2283 947 2345 dura
988 2287 1167 2346 ianua
1208 2287 1387 2346 firma
1429 2303 1589 2350 sera.

222 2368 406 2428 lanua
448 2365 724 2428 difficilis
765 2367 1081 2448 dominae,
1127 2377 1191 2430 te
1232 2372 1531 2431 verberet
1571 2371 1805 2449 imber,

311 2451 410 2511 Te
451 2451 608 2511 Iovis
649 2453 912 2532 imperio
950 2453 1209 2514 fulmina
1245 2455 1431 2514 missa
1470 2461 1705 2534 petant.

222 2535 440 2612 lanua,
477 2536 597 2594 iam
635 2539 1001 2615 pateasuni
1042 2539 1227 2616 mihi,
1272 2540 1436 2598 victa
1478 2537 1788 2617 querelis,

311 2619 448 2679 Neu
488 2618 704 2678 furtim
743 2639 923 2682 verso
968 2622 1221 2682 cardine
1265 2629 1482 2702 aperta
1522 2641 1727 2684 sones.
2173 2632 2237 2681 10

226 2703 310 2765 Et
350 2701 509 2763 mala
552 2704 727 2781 siqua
770 2705 886 2764 tibi
928 2704 1085 2766 dixit
1127 2706 1442 2766 dementia
1484 2713 1730 2782 nostra,

307 2787 628 2865 Ignoscas:
669 2788 856 2867 capiti
896 2790 1022 2848 sint
1060 2806 1289 2868 precor
1332 2787 1447 2847 illa
1489 2807 1647 2848 meo.

228 2869 324 2932 Te
365 2870 719 2931 meminisse
759 2869 975 2949 decet,
1016 2890 1171 2950 quae
1210 2870 1478 2951 plurima
1518 2888 1669 2931 voce
1710 2871 1928 2952 peregi

310 2954 640 3035 Supplice,
684 2974 818 3014 cum
862 2956 1027 3035 posti
1065 2954 1289 3015 florida
1332 2960 1500 3015 serta
1547 2954 1778 3015 darem.

228 3036 328 3099 Tu
372 3057 617 3117 quoque
659 3057 740 3099 ne
780 3038 1000 3099 timide
1043 3038 1367 3116 custodes,
1405 3036 1619 3116 Delia,
1661 3037 1829 3099 falle.
2170 3049 2233 3099 15

309 3121 678 3182 Audendum
722 3129 852 3184 est:
895 3125 1097 3185 fortes
1137 3124 1383 3183 adiuvat
1418 3125 1554 3202 ipsa
1594 3123 1829 3185 Venus.

225 3204 338 3266 Illa
380 3206 581 3283 favet,
626 3225 736 3266 seu
780 3208 917 3285 quis
954 3209 1191 3269 iuvenis
1233 3227 1390 3267 nova
1432 3208 1646 3266 limina
1685 3205 1978 3286 temptat,

311 3289 435 3349 Seu
476 3295 722 3350 reserat
759 3291 880 3350 fixo
927 3290 1117 3351 dente
1159 3290 1373 3371 puella
1414 3291 1622 3349 fores:

227 3370 338 3433 ma
376 3372 559 3434 docet
601 3372 817 3434 furtim
857 3372 1033 3434 molli
1079 3373 1391 3434 decedere
1431 3372 1636 3451 lecto,

309 3455 423 3516 Illa
459 3455 685 3537 pedem
721 3454 895 3518 nullo
939 3475 1177 3539 ponere
1219 3475 1407 3538 posse
1449 3476 1635 3535 sono,
1733 3536 1815 3597 1*
2162 3464 2233 3515 20
