2578 3898
360 200 441 263 20
1055 197 1346 259 TIBULLI
1386 195 1523 259 LIB.
1555 197 1600 260 1.
1634 207 1689 263 9.

359 366 497 447 lpse
537 363 689 426 deus
731 366 919 427 tacito
961 367 1248 446 permisit
1286 364 1496 444 lingua
1531 367 1850 443 ministro,
2298 374 2370 426 25

441 449 680 511 Ederet
722 455 789 508 ut
832 449 1026 510 multo
1068 448 1272 509 libera
1309 451 1501 509 verba
1542 469 1745 511 mero:

358 533 497 613 Ipse
540 532 693 593 deus
736 553 946 594 somno
994 532 1257 593 domitos
1302 534 1592 594 emittere
1634 553 1847 594 vocem

442 616 624 677 Iussit
665 623 732 678 et
769 617 996 678 invitos
1038 618 1201 678 facta
1242 616 1514 695 tegenda
1556 616 1776 696 loqui?

359 701 532 760 Haec
567 718 682 778 ego
727 699 1038 760 dicebam:
1081 719 1245 760 nuuc
1287 719 1387 761 me
1427 702 1672 761 flevisse
1713 699 2108 780 loquentem,

443 783 620 844 Nunc
659 781 854 864 pudet
899 783 976 843 ad
1017 790 1272 844 teneros
1317 786 1721 863 procubuisse
1763 784 1976 865 pedes.
2093 808 2110 819 ³
2296 792 2371 846 30

359 866 538 927 Tunc
577 868 729 926 mihi
767 868 1011 928 iurabas
1052 865 1286 927 nullius
1329 866 1535 927 divitis
1578 868 1711 927 auri

438 949 760 1028 Pondere,
802 970 926 1010 non
971 952 1256 1029 gemmis,
1297 950 1567 1010 vendere
1609 948 1774 1010 velle
1814 949 2037 1029 fldem,

355 1033 494 1093 Non
530 1034 649 1094 tibi
687 1034 741 1093 si
780 1036 1050 1114 pretium
1095 1035 1425 1113 Campania
1459 1040 1631 1094 terra
1676 1034 1962 1112 daretur,

439 1117 577 1176 Non
617 1118 731 1177 tibi
775 1118 829 1178 si
870 1118 1092 1177 Bacchi
1137 1137 1283 1177 cura
1324 1116 1628 1178 Falernus
1673 1136 1838 1197 ager.

356 1198 492 1259 Illis
537 1202 818 1279 eriperes
858 1203 1065 1261 verbis
1107 1202 1258 1260 mihi
1304 1200 1510 1260 sidera
1548 1200 1707 1261 caeli
2293 1212 2365 1264 35

441 1285 682 1343 Lucere
725 1290 790 1344 et
825 1303 1008 1364 puras
1049 1283 1327 1344 fulminis
1372 1302 1509 1344 esse
1553 1286 1701 1346 vias.

362 1367 524 1444 Quin
569 1368 751 1427 etiam
794 1369 1019 1428 flebas:
1067 1376 1130 1428 at
1169 1388 1296 1427 non
1339 1386 1454 1446 ego
1492 1367 1721 1429 fallere
1757 1368 1974 1430 doctus

445 1451 793 1529 Tergebam
834 1453 1160 1512 humentes
1205 1451 1498 1512 credulus
1542 1471 1739 1532 usque
1782 1472 1988 1531 genas.

359 1532 524 1611 Quid
562 1534 816 1613 faciam,
855 1537 977 1596 nisi
1019 1542 1085 1595 et
1126 1537 1262 1615 ipse
1304 1537 1477 1596 fores
1516 1537 1581 1596 in
1626 1555 1831 1596 amore
1874 1535 2167 1617 puellae‘.²

442 1616 569 1678 Sed
608 1637 835 1698 precor
875 1618 1156 1701 exemplo
1200 1620 1282 1679 sit
1322 1618 1477 1679 levis
1515 1619 1623 1679 illa
1664 1626 1791 1681 tuo.
2293 1629 2367 1682 40

357 1701 411 1763 Ο
459 1704 776 1780 quotiens,
820 1705 1024 1764 verbis
1059 1722 1139 1762 ne
1185 1706 1503 1783 quisquam
1547 1706 1827 1764 conscius
1870 1711 2068 1782 esset,

438 1784 577 1864 Ipse
617 1805 821 1847 comes
862 1786 1056 1848 multa
1097 1787 1330 1847 lumina
1370 1794 1554 1848 nocte
1594 1787 1743 1848 tuli!

357 1868 556 1947 Saepe
599 1870 945 1949 insperanti
987 1872 1156 1932 venit
1198 1872 1314 1929 tibi
1357 1889 1613 1930 munere
1655 1876 1867 1928 nostro

439 1954 523 2012 Et
562 1951 746 2014 latuit
788 1954 1019 2016 clausas
1057 1960 1200 2033 post
1239 1951 1539 2031 adoperta
1576 1952 1763 2011 fores.

360 2035 519 2096 Tum
561 2038 750 2098 miser
790 2040 1032 2113 interii,
1075 2032 1266 2096 stulte
1313 2035 1576 2094 confisus
1619 2034 1839 2093 amari:
2286 2045 2358 2096 45

440 2119 593 2180 Nam
634 2128 914 2201 poteram
955 2121 1034 2181 ad
1073 2118 1329 2197 laqueos
1373 2117 1611 2177 cautior
1652 2135 1792 2175 esse
1836 2122 1994 2176 tuos.

360 2204 522 2279 Quin
557 2207 741 2265 etiam
783 2207 1041 2266 attonita
1081 2201 1297 2262 laudes
1338 2202 1454 2261 tibi
1496 2208 1704 2261 mente
1749 2202 2068 2279 canebam,

440 2288 525 2348 Et
561 2306 660 2349 me
701 2307 863 2348 nunc
904 2289 1099 2347 nostri
1143 2283 1581 2362 Pieridumque
1623 2283 1835 2364 pudet.

356 2368 472 2430 Illa
510 2371 693 2432 velim
734 2368 948 2451 rapida
991 2366 1302 2431 Vulcanus
1345 2369 1613 2428 carmina
1653 2370 1889 2428 flamma

445 2454 716 2515 Torreat
756 2460 822 2515 et
859 2451 1095 2531 liquida
1137 2449 1345 2510 deleat
1385 2453 1577 2511 amnis
1620 2471 1793 2531 aqua.
2289 2463 2360 2513 50

360 2537 460 2598 Tu
501 2535 721 2618 procul
765 2537 908 2595 hinc
952 2534 1146 2611 absis,
1189 2534 1287 2593 cui
1330 2535 1590 2594 formam
1631 2534 1904 2595 vendere
1949 2554 2093 2595 cura
2137 2541 2232 2595 est

440 2622 526 2682 Et
563 2621 830 2702 pretium
873 2615 1061 2697 plena
1103 2616 1337 2694 grande
1379 2619 1627 2679 referre
1670 2638 1869 2678 manu.

359 2707 443 2766 At
483 2710 584 2780 te,
626 2702 728 2781 qui
768 2717 1028 2779 puerum
1072 2699 1250 2760 donis
1294 2720 1695 2781 corrumpere
1740 2721 1809 2762 es
1851 2719 2062 2778 ausus,

441 2785 665 2847 Rideat
701 2782 960 2843 assiduis
1002 2804 1156 2845 uxor
1195 2784 1397 2845 inulta
1439 2785 1631 2865 dolis,

356 2872 440 2932 Et
485 2886 617 2928 cum
660 2866 886 2927 furtivo
929 2868 1212 2929 iuvenem
1251 2866 1576 2931 lassaverit
1614 2889 1762 2947 usu,
2288 2879 2355 2929 55

443 2950 675 3010 Tecum
718 2950 1090 3030 interposita
1127 2950 1418 3031 languida
1454 2960 1629 3013 veste
1675 2954 1876 3013 cubet.

360 3037 618 3113 Semper
661 3033 785 3093 sint
826 3040 1084 3113 externa
1122 3040 1229 3094 tuo
1272 3037 1530 3114 vestigia
1565 3034 1768 3113 lecto,
1823 3089 1830 3094 .

439 3118 522 3177 Et
562 3122 773 3194 pateat
811 3116 1049 3197 cupidis
1092 3136 1340 3198 semper
1378 3126 1592 3199 aperta
1634 3118 1881 3182 domus=

355 3199 486 3260 Nec
529 3198 753 3260 lasciva
794 3220 973 3262 soror
1018 3200 1258 3262 dicatur
1298 3201 1477 3282 plura
1514 3204 1745 3263 bibisse

438 3281 671 3343 Pocula
709 3283 809 3344 vel
849 3284 1064 3364 plures
1110 3287 1449 3347 emeruisse
1491 3288 1678 3346 viros.
2288 3293 2359 3346 60

355 3365 529 3426 Illam
573 3386 758 3449 saepe
802 3368 1014 3430 ferunt
1056 3370 1329 3430 convivia
1371 3368 1601 3431 ducere
1642 3370 1917 3447 Baccho,

438 3450 593 3511 Dum
635 3459 774 3512 rota
812 3452 1090 3514 Luciferi
1126 3461 1428 3535 provocet
1470 3461 1607 3515 orta
1648 3452 1842 3513 diem:
