2578 3898
331 186 369 248 8
983 187 1271 250 TIBULLI
1312 188 1449 250 Lm.
1483 190 1529 252 1.
1560 202 1611 256 3.
1642 203 1695 257 4.

415 351 653 431 Saevit,
690 358 757 413 et
799 355 921 423 huc
963 353 1117 417 illuc
1155 358 1344 438 impia
1382 360 1565 419 turba
1606 359 1797 439 fugit:

331 436 509 496 Tunc
548 438 729 515 nigc‘r
766 437 831 496 in
874 447 1056 518 porta
1097 447 1455 520 serpentum
1500 443 1813 506 Cerberus
1857 465 1968 507 ore

414 518 653 580 Stridet
694 526 761 580 et
801 529 1040 582 aeratas
1085 527 1347 584 excubat
1389 532 1532 586 ante
1570 527 1761 588 fores.

329 602 466 664 Illic
503 603 796 663 Iunonem
832 611 1139 685 temptare
1177 608 1404 668 Ixionis
1448 612 1578 670 ausi

411 688 756 750 Versantur
799 686 996 748 celeri
1035 691 1216 750 noxia
1256 694 1532 757 membra
1566 702 1736 775 rota,

325 770 786 848 Porrectusque
828 790 1048 833 novem
1091 774 1312 853 Tityos
1356 795 1472 855 per
1513 778 1727 857 iugera
1767 787 1976 843 terrae

410 852 704 912 Assiduas
747 859 880 914 atro
922 857 1162 917 viscere
1201 861 1404 938 pascit
1443 879 1602 922 aves.

328 934 623 995 Tantalus
668 942 766 997 est
805 936 973 1016 illic,
1017 947 1083 999 et
1126 942 1357 1002 circum
1400 950 1643 1022 stagna:
1687 947 1800 1008 sed
1840 968 2048 1013 acrem

409 1020 534 1079 Iam
573 1020 693 1078 iam
737 1024 945 1099 poturi
988 1022 1226 1084 deserit
1262 1025 1425 1086 unda
1467 1029 1666 1089 sitim:

323 1103 408 1162 Et
440 1102 634 1162 Danai
677 1103 918 1182 proles,
962 1106 1230 1168 Veneris
1275 1109 1440 1188 quod
1481 1114 1729 1173 numina
1764 1114 1985 1198 laesit,

408 1186 476 1244 ln
522 1205 665 1246 cava
705 1187 1009 1249 Lethaeas
1054 1189 1222 1250 dolia
1262 1200 1473 1272 portat
1515 1215 1720 1275 aquas.

323 1267 459 1328 lllic
496 1270 609 1347 sit,
655 1271 1003 1350 quicunque
1044 1293 1215 1335 meos
1256 1275 1507 1338 violavit
1538 1299 1809 1362 amores,

338 1392 345 1401 .
409 1351 658 1432 Optavit
700 1352 902 1415 lentas
939 1363 1004 1418 et
1045 1360 1195 1419 mihi
1237 1359 1508 1422 militias.

322 1435 406 1495 At
447 1441 517 1495 tu
559 1442 726 1498 casta
766 1456 993 1518 precor
1031 1461 1309 1521 maneas,
1363 1448 1684 1527 sanctique
1721 1449 1979 1531 pudoris

406 1519 695 1580 Assideat
737 1530 944 1583 custos
980 1524 1195 1585 sedula
1238 1546 1485 1609 semper
1529 1550 1696 1591 anus.

320 1602 494 1663 Haec
529 1605 646 1663 tibi
688 1604 949 1667 fabellas
989 1609 1228 1670 referat
1267 1613 1590 1690 positaque
1630 1614 1883 1676 lucerna

403 1685 680 1749 Deducat
721 1670 907 1767 pleha
948 1695 1206 1753 stamina
1239 1690 1426 1773 longa
1469 1695 1641 1776 colo,

320 1770 416 1830 Ac
459 1770 623 1829 circa
657 1775 937 1849 gravibus
978 1778 1188 1855 pensis
1231 1778 1411 1838 affixa
1449 1780 1660 1858 puella

406 1851 708 1914 Paulatim
751 1876 962 1918 somno
1005 1860 1171 1918 fessa
1211 1863 1491 1920 remittat
1534 1882 1704 1942 opus.
1777 1916 1783 1921 .

322 1935 481 1998 'l'um
522 1940 760 1999 veniam
804 1944 1040 2021 subito,
1084 1960 1202 2002 nec
1248 1945 1566 2022 quisquam
1606 1949 1852 2010 nuntiet
1893 1958 2063 2031 ante,

404 2020 531 2081 Sed
572 2022 785 2084 videar
823 2026 991 2086 caelo
1035 2027 1253 2085 missus
1298 2026 1515 2087 adesse
1557 2030 1690 2089 tibi.

321 2103 499 2165 Tunc
536 2109 717 2185 mihi,
765 2109 959 2187 qualis
1003 2110 1159 2187 eris,
1201 2107 1421 2187 longos
1464 2113 1710 2174 turbata
1751 2115 2040 2197 capillos,

404 2188 598 2250 Obvia
638 2190 897 2270 nudato,
939 2191 1146 2271 Delia,
1191 2212 1374 2253 curre
1416 2193 1597 2273 pede.

316 2269 454 2331 Hoc
490 2292 748 2353 precor,
786 2277 948 2334 hunc
988 2274 1164 2334 illum
1200 2278 1379 2336 nobis
1416 2278 1660 2340 Aurora
1699 2283 2002 2344 nitentem

401 2355 755 2417 Luciferum
797 2358 996 2418 roseis
1038 2356 1299 2418 candida
1338 2366 1552 2440 portet
1589 2366 1786 2444 equis.

1255 2567 1381 2635 IV.

321 2644 475 2739 tSic
515 2682 798 2741 umbrosa
841 2679 959 2739 tibi
1002 2683 1364 2763 contingant
1406 2691 1596 2767 tecta,
1639 2689 1900 2772 Priape,

396 2764 490 2823 Ne
531 2765 719 2844 capiti
762 2759 957 2842 soles,
1004 2785 1086 2825 ne
1122 2777 1511 2852 noceantque
1554 2774 1755 2834 nives:

314 2848 484 2924 Quae
529 2852 634 2905 tua
675 2846 980 2907 formosos
1024 2852 1193 2930 cepit
1233 2853 1561 2916 sollertia?
1602 2864 1777 2918 certe

395 2928 533 2988 Non
575 2930 689 2989 tibi
729 2930 919 2989 barba
959 2933 1152 3011 nitet,
1194 2955 1320 2997 non
1361 2941 1478 2999 tibi
1520 2939 1685 3008 culta
1727 2961 1898 3002 coma
1937 2951 2069 3022 est,

311 3012 521 3073 Nudus
562 3019 626 3073 et
661 3012 961 3074 hibernae
1002 3017 1295 3096 producis
1332 3021 1569 3101 frigora
1607 3024 1889 3105 brumae,

396 3095 605 3155 Nudus
649 3102 714 3157 et
755 3100 972 3160 aestivi
1012 3105 1295 3181 tempora
1338 3106 1500 3165 sicca
1544 3107 1773 3167 Canis?
1891 3143 1894 3144 ν
1981 3159 1984 3160 ⁷

311 3178 416 3239 Sic
457 3197 605 3257 ego:
646 3186 775 3241 tum
817 3182 1044 3244 Bacchi
1080 3187 1407 3265 respondit
1445 3191 1676 3250 rustica
1719 3192 1964 3273 proles,

394 3264 682 3325 Armatus
727 3285 909 3327 curva
950 3269 1040 3328 sic
1080 3270 1232 3329 mihi
1267 3269 1432 3338 falce
1475 3273 1646 3333 deus.

308 3347 403 3406 ‘0
446 3347 591 3426 fuge
633 3355 698 3411 te
736 3356 993 3413 tenerae
1033 3370 1366 3433 puerorum
1407 3355 1666 3418 credere
1708 3359 1958 3419 tur-bace

389 3429 543 3491 Nam
586 3453 825 3497 causam
867 3436 1014 3498 iusti
1055 3455 1304 3518 semper
1346 3442 1568 3501 amoris
1610 3442 1859 3503 habent.

2270 378 2339 435 70

2265 795 2332 850 75

2259 1214 2330 1269 80

2253 1630 2323 1685 85

2248 2047 2319 2102 90

2235 3455 2306 3511 10
