2578 3898
954 159 1244 222 TIBULLI
1287 161 1427 222 LIB.
1460 162 1507 224 1.
1537 173 1591 227 3.
2244 168 2283 230 ⁷

363 326 626 405 Insignis
665 326 851 388 turba
887 324 1113 389 debeat
1154 327 1220 387 in
1250 327 1504 390 Pharia.

275 411 364 471 At
403 411 555 470 mihi
593 411 910 489 contingat
947 411 1184 491 patrios
1227 412 1551 475 celebrare
1593 414 1860 475 Penates

357 493 775 573 Reddereque
820 497 1071 573 antiquo
1113 504 1428 557 menstrua
1471 505 1610 558 tura
1651 498 1814 558 Lari.

275 579 469 655 Quam
513 579 675 639 bene
718 578 983 639 Saturno
1026 580 1313 641 vivebant
1348 601 1499 660 rege
1539 583 1715 662 prius
1759 601 1939 662 quam
2211 594 2282 649 35

359 660 579 724 Tellus
622 663 690 721 in
729 660 949 741 longas
992 670 1092 722 est
1131 665 1441 742 patefacta
1483 667 1640 727 vias!

271 744 556 807 Nondum
602 742 920 806 caeruleas
960 748 1142 826 pinus
1185 755 1644 829 contempserat
1684 747 1910 827 undas,

356 830 637 890 Effusum
678 830 881 889 ventis
923 832 1419 911 praebueratque
1464 835 1702 910 sinum,-

270 912 401 973 Nec
440 932 625 992 vagus
667 915 896 992 ignotis
936 920 1230 994 repetens
1274 915 1621 995 conpendia
1661 917 1853 978 terris

348 997 677 1058 Presserat
723 1004 980 1058 externa
1015 1000 1218 1058 navita
1257 1017 1465 1059 merce
1501 1007 1719 1061 ratem.
2207 1012 2278 1065 40

268 1078 385 1140 Illo
427 1100 554 1140 non
595 1079 833 1142 validus
875 1082 1066 1143 subiit
1106 1083 1248 1160 iuga
1288 1088 1571 1163 tempore
1608 1089 1853 1162 taurus,

349 1162 490 1225 Non
532 1163 762 1225 domito
806 1165 1057 1226 fraenos
1100 1185 1209 1226 ore
1247 1167 1582 1227 momordit
1622 1187 1848 1246 equus,

266 1247 405 1308 Non
446 1247 663 1308 domus
702 1247 832 1310 ulla
865 1238 1038 1310 fores
1080 1250 1323 1330 habuit,
1363 1271 1488 1311 non
1527 1254 1682 1312 fixus
1721 1253 1788 1311 in
1832 1253 2029 1330 agris,

351 1332 472 1408 Qui
513 1339 769 1409 regeret
807 1335 998 1394 certis
1039 1334 1265 1394 finibus
1311 1355 1485 1413 arva,
1527 1335 1704 1416 lapis.

265 1415 441 1496 Ipsae
482 1414 671 1477 mella
711 1415 940 1497 dabant
985 1436 1280 1496 quercus,
1325 1417 1619 1499 ultroque
1658 1420 1949 1480 ferebant
2201 1429 2269 1482 45

350 1498 544 1559 Obvia
580 1501 816 1560 securis
859 1503 1053 1561 ubera
1090 1499 1273 1562 lactis
1317 1521 1480 1562 oves.

260 1582 400 1644 Non
443 1585 639 1661 acies,
682 1603 808 1643 non
850 1585 944 1645 ira
984 1585 1135 1662 fuit,
1177 1604 1304 1646 non
1346 1585 1546 1664 bella,
1589 1604 1709 1646 nec
1751 1602 1964 1644 ensem

343 1666 549 1726 Inmiti
591 1686 803 1726 saevus
847 1665 1109 1728 duxerat
1144 1676 1278 1728 arte
1321 1668 1518 1731 faber.

258 1752 345 1811 At
384 1751 525 1810 Iove
563 1751 673 1811 sub
722 1749 968 1810 domino
1014 1748 1235 1810 caedes
1278 1758 1346 1810 et
1389 1750 1644 1812 vulnera
1683 1769 1960 1832 semper,

339 1834 518 1895 Nunc
555 1852 756 1912 mare,
798 1853 961 1895 nunc
1002 1832 1119 1894 leti
1159 1834 1335 1895 mille
1376 1842 1642 1915 repente
1682 1837 1836 1896 viae.
2197 1848 2266 1898 50
2380 1849 2403 1867 ⁶

256 1919 484 1998 Parce,
525 1924 726 1999 pater.
769 1917 1053 1980 timidum
1088 1938 1213 1979 11011
1255 1938 1355 1981 1110
1385 1921 1673 2000 periuria
1711 1926 1987 1998 terrent,

337 2002 478 2062 Non
521 2003 687 2063 dicta
724 2004 789 2063 in
833 2008 1076 2064 sanctos
1120 2005 1308 2084 impia
1348 2005 1541 2064 verba
1579 2003 1746 2065 deos.

256 2085 438 2164 Quod
480 2088 532 2146 si
566 2087 787 2147 fatales
828 2088 948 2148 iam
985 2106 1150 2148 nunc
1193 2086 1573 2168 explevimus
1613 2107 1837 2165 annos,

339 2171 465 2231 Fac
506 2168 666 2250 lapis
709 2172 996 2250 incriptis
1039 2177 1164 2230 stet
1205 2190 1396 2250 super
1440 2190 1577 2230 ossa
1618 2173 1817 2231 110113·

257 2254 412 2315 1110
454 2255 618 2314 iacet
655 2255 860 2315 inmiti
905 2260 1301 2335 consumptus
1343 2260 1545 2315 morte
1592 2251 1915 2333 Tibullus,
2191 2263 2259 2318 55

336 2336 670 2399 Messalam
708 2345 879 2398 terra
922 2337 1065 2398 dum
1106 2340 1514 2418 sequiturque
1555 2339 1728 2397 mari.
1735 2343 1758 2373 ’

253 2420 382 2482 Sed
421 2439 551 2498 me,
597 2421 763 2500 quod
806 2422 1006 2482 facilis
1051 2430 1272 2483 tenero
1318 2442 1448 2482 sum
1494 2440 1741 2503 semper
1783 2423 2029 2501 Amori,

335 2505 472 2585 Ipsa
513 2505 724 2567 Venus
768 2526 1012 2587 campos
1051 2506 1237 2567 ducet
1275 2508 1341 2566 in
1384 2506 1649 2585 Elysios,

251 2590 371 2649 Hic
416 2590 683 2650 choreae
728 2596 1063 2672 cantusque
1106 2592 1353 2669 vigent,
1394 2592 1747 2670 passimque
1790 2595 2079 2668 vagantes

335 2671 530 2734 Dulce
575 2681 798 2733 sonant
834 2676 1011 2734 tenui
1054 2679 1304 2752 gutture
1348 2692 1599 2733 carmen
1641 2692 1815 2749 aves,
2190 2680 2259 2733 60

250 2757 405 2817 Fert
448 2758 671 2816 casiam
710 2771 832 2815 non
870 2755 1037 2816 culta
1079 2775 1293 2833 seges,
1337 2762 1629 2832 totosque
1666 2772 1785 2834 per
1826 2769 2005 2832 agros

333 2841 558 2902 Floret
600 2837 875 2900 odoratis
920 2845 1091 2898 terra
1132 2840 1399 2915 benigna
1439 2839 1635 2898 rosis.

251 2927 341 2986 Ac
383 2928 687 2985 iuvenum·
711 2924 907 2984 series
952 2922 1190 2982 teneris
1234 2923 1489 2982 inmixta
1530 2919 1760 3002 puellis

333 3008 553 3087 Ludit,
598 3014 666 3069 et
704 3006 948 3069 assidue
989 3006 1225 3088 praelia
1270 3008 1489 3066 miscet
1529 3008 1739 3067 Amor.

249 3090 387 3153 lllic
432 3098 559 3170 est,
603 3093 946 3194 cuicunque
979 3110 1166 3170 rapax
1206 3109 1374 3151 mors
1412 3092 1583 3151 venit
1624 3090 1882 3166 amanti,
2187 3098 2255 3151 65

331 3178 416 3238 Et
459 3177 624 3255 gerit
663 3177 891 3254 insigni
933 3182 1173 3255 myrtea
1215 3181 1385 3236 serta
1428 3194 1619 3235 coma.

248 3261 334 3321 At
371 3260 676 3321 scelerata
711 3261 885 3320 iacet
916 3260 1098 3320 sedes
1138 3261 1207 3318 in
1247 3264 1433 3319 nocte
1474 3254 1783 3337 profunda

332 3343 617 3422 Abdita,
637 3364 814 3423 quam
858 3346 1087 3404 circum
1130 3345 1380 3404 flumina
1421 3343 1600 3418 nigra
1643 3347 1897 3400 sonant·

252 3426 716 3509 Tisiphoneque
758 3429 1000 3510 impexa
1040 3429 1212 3489 feros
1253 3444 1370 3509 pro
1414 3424 1689 3487 crinibus
1732 3441 1960 3504 angues
