2578 3898
489 448 1047 549 ALBII
1186 448 1990 561 TIBULLI

848 663 1126 728 LIBER
1171 665 1617 745 QUARTUS.

1204 997 1260 1062 Ι.

235 1080 372 1194 Te,
415 1114 722 1195 Messala,
767 1136 1011 1197 canam,
1058 1131 1414 1197 quanquam
1446 1135 1545 1177 me
1589 1117 1835 1195 cognita
1870 1118 2065 1180 virtus

237 1200 505 1278 Terret,
547 1206 618 1260 ut
656 1201 939 1262 infirmae
977 1208 1293 1279 nequeant
1332 1202 1674 1261 subsistere
1712 1202 1910 1280 vires,

233 1283 527 1363 Incipiam
568 1290 793 1346 tamen.
840 1305 875 1344 a
913 1286 1153 1346 meritis
1197 1287 1252 1345 si
1296 1286 1565 1345 carmina
1603 1283 1856 1364 laudes,

233 1368 577 1427 Deficiant:
615 1367 865 1427 humilis
905 1371 1095 1428 tantis
1140 1370 1253 1428 sim
1300 1368 1588 1428 conditor
1623 1369 1810 1444 actis,

233 1451 365 1510 Nec
407 1456 515 1510 tua
553 1456 806 1530 praeter
848 1457 915 1511 te
961 1453 1191 1511 chartis
1234 1452 1519 1511 intexere
1565 1451 1885 1529 quisquam
2210 1463 2243 1513 5

234 1533 419 1593 Facta
466 1539 686 1612 queat,
732 1533 916 1594 dictis
957 1541 1029 1595 ut
1068 1555 1194 1595 non
1235 1537 1469 1595 maiora
1514 1535 1846 1613 supersint.

233 1618 352 1678 Est
392 1618 573 1677 nobis
611 1616 881 1678 voluisse
924 1620 1106 1696 satis,
1148 1637 1267 1678 nec
1311 1636 1567 1678 munera
1604 1636 1794 1696 parva

235 1701 594 1781 Respueris.
638 1702 822 1760 etiam
863 1702 1119 1762 Phoebo
1165 1702 1510 1780 gratissima
1551 1699 1711 1759 dona

239 1785 395 1845 Cres
437 1783 616 1861 tulit,
665 1791 732 1844 et
776 1787 1012 1846 cunctis
1049 1785 1289 1846 Baccho
1334 1784 1661 1845 iucundior
1702 1776 1929 1864 hffspes

237 1869 480 1947 IcaruS,
523 1874 593 1927 ιιι
634 1888 791 1948 puro
836 1875 1146 1930 testantur
1188 1869 1397 1930 sidera
1440 1867 1613 1929 caelo
2181 1879 2247 1931 10

238 1953 637 2032 Erigoneque
685 1954 1032 2035 Canisque,
1072 1961 1263 2034 neget
1299 1974 1381 2015 ne
1422 1951 1670 2032 longior
1715 1959 1902 2014 aetas.

241 2036 404 2112 Quin
439 2037 624 2096 etiam
666 2036 922 2098 Alcides
966 2039 1118 2099 deus
1163 2058 1526 2099 ascensurus
1574 2036 1900 2116 Olympum

239 2120 433 2180 Laeta
468 2118 856 2181 Molorcheis
890 2125 1099 2201 posuit
1137 2124 1397 2200 vestigia
1436 2121 1656 2198 tectis,

240 2203 558 2281 Parvaque
603 2203 894 2264 caelestis
938 2204 1205 2285 placavit
1243 2207 1437 2284 mica,
1482 2221 1599 2263 nec
1636 2202 1767 2263 illis

243 2288 504 2366 Semper
542 2288 822 2348 inaurato
866 2294 1078 2349 taurus
1123 2287 1289 2349 cadit
1327 2288 1533 2348 hostia
1576 2306 1787 2347 cornu.
2184 2296 2246 2346 15

156 2384 161 2389 ’
240 2372 361 2431 Hic
406 2389 650 2449 quoque
688 2373 771 2432 sit
812 2380 1020 2450 gratus
1054 2392 1276 2453 parvus
1317 2369 1530 2449 labor,
1573 2376 1644 2431 ut
1684 2371 1799 2430 tihi
1842 2370 2070 2450 possim

243 2453 393 2514 Inde
435 2452 591 2513 alios
636 2454 912 2536 aliosque
952 2475 1187 2516 memor
1230 2472 1604 2535 componere
1645 2472 1877 2515 versus.

326 2535 508 2597 Alter
551 2537 719 2599 dicat
759 2560 912 2619 opus
955 2541 1158 2618 magni
1200 2537 1486 2600 mirabile
1529 2538 1773 2618 mundi,

247 2620 461 2697 Qualis
504 2622 571 2682 in
615 2623 895 2684 inmenso
943 2623 1264 2685 desederit
1306 2642 1451 2684 aere
1495 2620 1720 2700 tellus,

243 2703 454 2781 Qualis
498 2712 564 2765 et
603 2708 670 2765 in
711 2726 960 2768 curvum
1002 2713 1229 2788 pontus
1273 2707 1644 2768 confluxerit
1682 2705 1927 2780 orbem,
2181 2713 2250 2762 20

242 2790 326 2847 Et
367 2807 588 2867 vagus,
632 2808 668 2848 e
707 2791 897 2849 terris
941 2810 1058 2868 qua
1098 2808 1356 2867 surgere
1396 2790 1651 2866 nititur,
1695 2806 1835 2865 aer,

245 2872 407 2933 Huic
451 2878 518 2931 et
562 2879 884 2933 contextus
925 2874 1153 2954 passim
1194 2874 1348 2933 fluat
1387 2875 1604 2951 igneus
1649 2872 1900 2949 aether,

244 2953 678 3035 Pendentiqne
723 2975 912 3036 super
953 2956 1317 3017 claudantur
1356 2963 1428 3017 ut
1468 2956 1670 3016 omnia
1713 2953 1920 3015 caelo:

245 3041 360 3116 At,
405 3040 813 3120 quodcunque
858 3060 1032 3101 meae
1073 3047 1372 3121 poterunt
1417 3039 1647 3101 audere
1693 3040 2030 3114 Camenae,

247 3124 371 3182 Seu
409 3122 525 3181 tibi
565 3142 676 3201 par
718 3131 1014 3203 poterunt
1050 3145 1193 3203 seu,
1232 3125 1416 3204 quod.
1441 3144 1583 3205 spes
1628 3123 1870 3199 abnuit,
1912 3118 2079 3180 ultra
2182 3130 2249 3181 25

248 3207 388 3266 Sive
432 3206 631 3265 minus
677 3205 1006 3286 (certeque
1052 3216 1274 3268 canent
1311 3210 1576 3286 minus),
1620 3224 1799 3265 omne
1840 3223 2125 3264 vovemus

246 3290 382 3349 Hoc
423 3290 572 3369 tibi,
615 3308 734 3351 nec
774 3296 947 3350 tanto
989 3298 1196 3352 careat
1234 3293 1386 3351 mihi
1430 3290 1700 3350 carmine
1745 3290 1973 3349 charta.

247 3374 437 3453 Nam,
482 3393 824 3453 quanquam
868 3375 1155 3454 antiquae
1199 3376 1402 3453 gentis
1444 3380 1741 3453 superant
1778 3374 1893 3433 tibi
1927 3369 2181 3449 laudes,

248 3456 388 3517 Non
428 3463 532 3516 tua
570 3460 866 3519 maiorum
908 3466 1201 3519 contenta
1244 3465 1343 3518 est
1384 3456 1581 3538 gloria
1623 3457 1815 3537 fama,
