2578 3898
763 192 1051 254 TIBULLI
1094 194 1228 254 LIB.
1262 195 1359 259 lv.
1395 203 1445 258 7.
1477 204 1530 258 8.
1565 205 1616 259 9.
1651 207 1735 298 ιιο.
2167 197 2246 255 55

1060 397 1427 449 SULPICIA.

1177 556 1329 621 VII.

246 642 533 733 Tandem
573 673 744 732 venit
785 690 985 749 amor,
1026 672 1267 750 qualem
1308 672 1538 733 texisse
1580 672 1805 754 pudori

331 756 526 830 Quam
562 754 826 814 nudasse
866 754 1050 814 alicui
1094 757 1178 815 sit
1222 758 1373 815 mihi
1412 756 1572 816 fama
1612 759 1822 834 magis.

245 840 513 899 Exorata
553 840 707 898 meis
747 837 922 897 illum
968 839 1282 917 Cytherea
1330 840 1615 939 Camepis

326 921 558 982 Attulit
601 923 665 982 in
709 930 983 980 nostrum
1028 921 1436 1002 deposuItque
1480 940 1698 982 smum.

244 1002 490 1066 Exolvit
531 1006 831 1085 promissa
872 1004 1116 1067 Venus:
1154 1025 1291 1066 mea
1332 1004 1550 1084 gaudia
1591 1012 1836 1082 narret,
2217 1016 2251 1068 5

329 1087 588 1147 Dicetur
632 1089 825 1167 siquis
867 1106 992 1146 non
1028 1089 1318 1149 habuisse
1362 1108 1488 1148 sua.

244 1170 381 1229 Non
427 1188 541 1247 ego
583 1173 840 1248 signatis
882 1172 1206 1249 quicquam
1246 1171 1539 1232 mandare
1579 1170 1862 1249 tabellis,

326 1254 420 1313 Ne
459 1252 628 1331 legat
670 1253 735 1313 id
778 1273 959 1313 nemo
1006 1273 1184 1332 quam
1226 1274 1399 1315 meus
1444 1261 1616 1332 ante,
1660 1252 1880 1332 velim,

247 1335 370 1396 Sed
407 1353 696 1415 peccasse
736 1338 933 1413 iuvat,
974 1335 1178 1398 vultus
1220 1355 1592 1418 componere
1633 1338 1831 1397 famae

332 1417 604 1479 Taedet:
644 1438 781 1479 cum
819 1418 1005 1497 digno
1050 1418 1234 1498 digna
1274 1421 1469 1479 fuisse
1510 1419 1698 1480 ferar.
2193 1432 2254 1481 10

1151 1633 1343 1697 VIII.

244 1720 488 1812 Invisus
530 1748 751 1810 natalis
797 1750 1004 1828 adest,
1051 1750 1156 1828 qui
1192 1768 1342 1810 rure
1384 1747 1647 1810 molesto

330 1834 413 1893 Et
457 1835 592 1893 sine
638 1835 939 1895 Cerintho
981 1834 1180 1893 tristis
1222 1832 1495 1910 agendus
1540 1835 1680 1893 erit.

244 1917 500 1978 Dulcius
543 1919 697 1979 urbe
742 1917 892 1997 quid
937 1917 1080 1978 est‘.²
1123 1935 1199 1976 an
1234 1916 1381 1978 villa
1422 1918 1506 1977 sit
1545 1925 1686 1999 apta
1726 1915 1975 2000 puellae

330 2001 536 2079 Atque
578 2004 875 2062 Arretino
920 2002 1182 2080 frigidus
1225 2003 1419 2061 amnis
1462 2003 1657 2080 agro?

244 2086 400 2159 lam,
443 2087 693 2144 nimium
737 2083 1009 2144 Messala
1049 2084 1173 2142 mei
1211 2083 1520 2161 studiose,
1565 2086 1874 2163 quiescas,
2218 2096 2253 2147 5

330 2167 467 2227 Non
511 2168 912 2245 tempestivae
954 2183 1140 2245 saepe
1182 2168 1531 2245 propinque
1574 2169 1726 2228 viae.

245 2251 366 2309 Hic
411 2252 674 2309 animum
716 2266 1055 2329 sensusque
1097 2266 1268 2309 meos
1308 2247 1569 2309 abducta
1603 2251 1921 2332 relinquo,

330 2334 608 2393 Arbitrio
653 2334 937 2411 quoniam
980 2351 1104 2392 non
1149 2333 1298 2391 sinis
1341 2351 1479 2392 esse
1514 2353 1670 2396 meo.

1191 2581 1318 2645 IX.

246 2664 397 2757 Scis
439 2696 566 2755 iter
608 2713 685 2754 ex
726 2697 926 2755 animo
969 2694 1276 2756 sublatum
1311 2699 1495 2757 triste
1524 2697 1827 2777 puellae?

329 2776 535 2837 Natali
575 2777 806 2837 Romae
847 2780 967 2838 iam
1012 2777 1165 2839 licet
1206 2798 1344 2839 esse
1380 2787 1507 2840 tuo.

244 2861 548 2921 Omnibus
590 2858 706 2920 ille
749 2860 882 2920 dies
923 2861 1103 2922 nobis
1146 2860 1371 2922 natalis
1413 2869 1658 2941 agatur,

330 2945 449 3020 Qui
490 2961 608 3003 nec
654 2944 929 3023 opinanti
967 2963 1131 3006 nunc
1173 2947 1291 3006 tibi
1333 2945 1500 3007 forte
1538 2949 1726 3007 venit.

1211 3162 1300 3224 X.

246 3246 509 3339 Gratum
549 3282 676 3352 est,
718 3295 972 3337 securus
1013 3276 1270 3338 multum
1316 3277 1481 3355 quod
1520 3280 1640 3338 iam
1681 3280 1797 3338 tibi
1840 3276 1919 3338 de
1959 3298 2057 3339 me

330 3360 684 3436 Permittis,
727 3360 931 3420 subito
973 3379 1055 3420 ne
1096 3359 1258 3420 male
1301 3361 1513 3440 inepta
1554 3359 1782 3422 cadam.

242 3445 339 3504 Sit
383 3443 499 3500 tibi
544 3462 687 3502 cura
731 3451 911 3522 togae
950 3444 1159 3525 potior
1199 3461 1606 3525 pressumque
1650 3449 1909 3529 quasillo
