<?xml version="1.0" encoding="UTF-8"?>
<!DOCTYPE html PUBLIC "-//W3C//DTD XHTML 1.0 Transitional//EN"
    "http://www.w3.org/TR/xhtml1/DTD/xhtml1-transitional.dtd">
<html xmlns="http://www.w3.org/1999/xhtml" xml:lang="en" lang="en">
 <head>
  <title>
</title>
<meta http-equiv="Content-Type" content="text/html;charset=utf-8" />
  <meta name='ocr-system' content='tesseract 3.04.00' />
  <meta name='ocr-capabilities' content='ocr_page ocr_carea ocr_par ocr_line ocrx_word'/>
</head>
<body>
  <div class='ocr_page' id='page_1' title='image "./libriquattuorre00tibugoog_0068.png"; bbox 0 0 2578 3898; ppageno 0'>
   <div class='ocr_carea' id='block_1_1' title="bbox 346 208 1695 285">
    <p class='ocr_par' dir='ltr' id='par_1_1' title="bbox 346 208 1695 285">
     <span class='ocr_line' id='line_1_1' title="bbox 346 208 1695 285; baseline 0.001 -2"><span class='ocrx_word' id='word_1_1' title='bbox 346 224 425 283; x_wconf 90' lang='grc'><strong>54</strong></span> <span class='ocrx_word' id='word_1_2' title='bbox 998 208 1307 281; x_wconf 77' lang='lat' dir='ltr'>TIBULLI</span> <span class='ocrx_word' id='word_1_3' title='bbox 1346 220 1481 281; x_wconf 89' lang='lat' dir='ltr'><strong>LlB.</strong></span> <span class='ocrx_word' id='word_1_4' title='bbox 1512 221 1609 281; x_wconf 90' lang='lat' dir='ltr'><strong>IV.</strong></span> <span class='ocrx_word' id='word_1_5' title='bbox 1644 231 1695 285; x_wconf 80' lang='lat'><strong>6.</strong></span> 
     </span>
    </p>
   </div>
   <div class='ocr_carea' id='block_1_2' title="bbox 426 385 1806 467">
    <p class='ocr_par' dir='ltr' id='par_1_2' title="bbox 426 385 1806 467">
     <span class='ocr_line' id='line_1_2' title="bbox 426 385 1806 467; baseline 0 -17"><span class='ocrx_word' id='word_1_6' title='bbox 426 390 541 451; x_wconf 79' lang='lat' dir='ltr'><strong>Est</strong></span> <span class='ocrx_word' id='word_1_7' title='bbox 585 395 822 467; x_wconf 86' lang='lat' dir='ltr'><strong>tamen,</strong></span> <span class='ocrx_word' id='word_1_8' title='bbox 867 386 1113 449; x_wconf 80' lang='lat' dir='ltr'><strong>occulte</strong></span> <span class='ocrx_word' id='word_1_9' title='bbox 1155 388 1253 447; x_wconf 92' lang='lat' dir='ltr'><strong>cui</strong></span> <span class='ocrx_word' id='word_1_10' title='bbox 1296 385 1603 467; x_wconf 74' lang='lat' dir='ltr'><strong>placuisse</strong></span> <span class='ocrx_word' id='word_1_11' title='bbox 1640 386 1806 451; x_wconf 86' lang='lat' dir='ltr'><strong>velit.</strong></span> 
     </span>
    </p>
   </div>
   <div class='ocr_carea' id='block_1_3' title="bbox 208 470 2049 550">
    <p class='ocr_par' dir='ltr' id='par_1_3' title="bbox 208 470 2049 550">
     <span class='ocr_line' id='line_1_3' title="bbox 208 470 2049 550; baseline -0.001 -16"><span class='ocrx_word' id='word_1_12' title='bbox 208 515 212 519; x_wconf 90' lang='lat'><em>-</em></span> <span class='ocrx_word' id='word_1_13' title='bbox 342 475 428 535; x_wconf 82' lang='lat' dir='ltr'><strong>At</strong></span> <span class='ocrx_word' id='word_1_14' title='bbox 463 479 567 550; x_wconf 84' lang='lat' dir='ltr'><strong>tu,</strong></span> <span class='ocrx_word' id='word_1_15' title='bbox 612 479 850 550; x_wconf 76' lang='lat' dir='ltr'><strong>sancta,</strong></span> <span class='ocrx_word' id='word_1_16' title='bbox 893 472 1067 547; x_wconf 80' lang='lat' dir='ltr'><strong>fave,</strong></span> <span class='ocrx_word' id='word_1_17' title='bbox 1108 489 1230 530; x_wconf 88' lang='lat' dir='ltr'><strong>neu</strong></span> <span class='ocrx_word' id='word_1_18' title='bbox 1274 473 1412 549; x_wconf 87' lang='lat' dir='ltr'><strong>quis</strong></span> <span class='ocrx_word' id='word_1_19' title='bbox 1452 470 1708 531; x_wconf 82' lang='lat' dir='ltr'><strong>divellat</strong></span> <span class='ocrx_word' id='word_1_20' title='bbox 1751 479 2049 550; x_wconf 74' lang='lat' dir='ltr'><strong>amantes,</strong></span> 
     </span>
    </p>
   </div>
   <div class='ocr_carea' id='block_1_4' title="bbox 341 554 2344 1619">
    <p class='ocr_par' dir='ltr' id='par_1_4' title="bbox 341 554 2344 1619">
     <span class='ocr_line' id='line_1_4' title="bbox 428 554 1776 634; baseline -0.001 -18"><span class='ocrx_word' id='word_1_21' title='bbox 428 555 556 616; x_wconf 85' lang='lat' dir='ltr'><strong>Sed</strong></span> <span class='ocrx_word' id='word_1_22' title='bbox 599 557 805 616; x_wconf 86' lang='lat' dir='ltr'><strong>iuveni</strong></span> <span class='ocrx_word' id='word_1_23' title='bbox 850 574 1076 633; x_wconf 78' lang='lat' dir='ltr'><strong>quaeso</strong></span> <span class='ocrx_word' id='word_1_24' title='bbox 1121 559 1329 614; x_wconf 79' lang='lat' dir='ltr'><strong>mutua</strong></span> <span class='ocrx_word' id='word_1_25' title='bbox 1370 554 1569 615; x_wconf 84' lang='lat' dir='ltr'><strong>vincla</strong></span> <span class='ocrx_word' id='word_1_26' title='bbox 1611 574 1776 634; x_wconf 76' lang='lat' dir='ltr'><strong>paru.</strong></span> 
     </span>
     <span class='ocr_line' id='line_1_5' title="bbox 343 635 1859 719; baseline -0.001 -19"><span class='ocrx_word' id='word_1_27' title='bbox 343 639 446 700; x_wconf 84' lang='lat' dir='ltr'><strong>Sic</strong></span> <span class='ocrx_word' id='word_1_28' title='bbox 484 640 645 699; x_wconf 88' lang='lat' dir='ltr'><strong>bene</strong></span> <span class='ocrx_word' id='word_1_29' title='bbox 689 657 1049 719; x_wconf 82' lang='lat' dir='ltr'><strong>compones:</strong></span> <span class='ocrx_word' id='word_1_30' title='bbox 1092 635 1257 697; x_wconf 82' lang='lat' dir='ltr'><strong>ullae</strong></span> <span class='ocrx_word' id='word_1_31' title='bbox 1301 656 1425 697; x_wconf 82' lang='lat' dir='ltr'><strong>non</strong></span> <span class='ocrx_word' id='word_1_32' title='bbox 1469 636 1578 697; x_wconf 89' lang='lat' dir='ltr'><strong>ille</strong></span> <span class='ocrx_word' id='word_1_33' title='bbox 1614 636 1859 716; x_wconf 75' lang='lat' dir='ltr'><strong>puellae</strong></span> 
     </span>
     <span class='ocr_line' id='line_1_6' title="bbox 428 719 2340 801; baseline -0.001 -18"><span class='ocrx_word' id='word_1_34' title='bbox 428 723 678 783; x_wconf 83' lang='lat' dir='ltr'><strong>Servire</strong></span> <span class='ocrx_word' id='word_1_35' title='bbox 714 728 818 783; x_wconf 76' lang='lat' dir='ltr'><strong>aut</strong></span> <span class='ocrx_word' id='word_1_36' title='bbox 861 724 1140 801; x_wconf 79' lang='lat' dir='ltr'><strong>cuiquam</strong></span> <span class='ocrx_word' id='word_1_37' title='bbox 1182 720 1428 799; x_wconf 85' lang='lat' dir='ltr'><strong>dignior</strong></span> <span class='ocrx_word' id='word_1_38' title='bbox 1468 719 1577 780; x_wconf 76' lang='lat' dir='ltr'><strong>illa</strong></span> <span class='ocrx_word' id='word_1_39' title='bbox 1608 723 1758 783; x_wconf 83' lang='lat' dir='ltr'><strong>viro.</strong></span> <span class='ocrx_word' id='word_1_40' title='bbox 2281 736 2340 787; x_wconf 85' lang='lat'><strong>10</strong></span> 
     </span>
     <span class='ocr_line' id='line_1_7' title="bbox 341 802 2026 886; baseline -0.002 -19"><span class='ocrx_word' id='word_1_41' title='bbox 341 805 473 867; x_wconf 89' lang='lat' dir='ltr'><strong>Nec</strong></span> <span class='ocrx_word' id='word_1_42' title='bbox 558 807 710 865; x_wconf 78' lang='lat' dir='ltr'><strong>ussit</strong></span> <span class='ocrx_word' id='word_1_43' title='bbox 754 804 1009 886; x_wconf 77' lang='lat' dir='ltr'><strong>cupidos</strong></span> <span class='ocrx_word' id='word_1_44' title='bbox 1049 802 1308 883; x_wconf 83' lang='lat' dir='ltr'><strong>vigilans</strong></span> <span class='ocrx_word' id='word_1_45' title='bbox 1353 802 1747 883; x_wconf 81' lang='lat' dir='ltr'><strong>deprendere</strong></span> <span class='ocrx_word' id='word_1_46' title='bbox 1787 811 2026 883; x_wconf 74' lang='lat' dir='ltr'><strong>custoS,</strong></span> 
     </span>
     <span class='ocr_line' id='line_1_8' title="bbox 424 885 1801 967; baseline -0.001 -19"><span class='ocrx_word' id='word_1_47' title='bbox 424 890 477 948; x_wconf 88' lang='lat' dir='ltr'><strong>F</strong></span> <span class='ocrx_word' id='word_1_48' title='bbox 539 889 831 967; x_wconf 88' lang='lat' dir='ltr'><strong>lendique</strong></span> <span class='ocrx_word' id='word_1_49' title='bbox 871 890 997 949; x_wconf 68' lang='lat' dir='ltr'><strong>vias</strong></span> <span class='ocrx_word' id='word_1_50' title='bbox 1031 885 1203 948; x_wconf 89' lang='lat' dir='ltr'><strong>mille</strong></span> <span class='ocrx_word' id='word_1_51' title='bbox 1243 888 1557 948; x_wconf 79' lang='lat' dir='ltr'><strong>ministret</strong></span> <span class='ocrx_word' id='word_1_52' title='bbox 1593 888 1801 947; x_wconf 85' lang='lat' dir='ltr'><strong>Amor.</strong></span> 
     </span>
     <span class='ocr_line' id='line_1_9' title="bbox 342 968 1821 1052; baseline -0.002 -19"><span class='ocrx_word' id='word_1_53' title='bbox 342 973 562 1033; x_wconf 88' lang='lat' dir='ltr'><strong>Aunue</strong></span> <span class='ocrx_word' id='word_1_54' title='bbox 604 990 1037 1052; x_wconf 83' lang='lat' dir='ltr'><strong>purpureaque</strong></span> <span class='ocrx_word' id='word_1_55' title='bbox 1079 973 1219 1032; x_wconf 87' lang='lat' dir='ltr'><strong>veni</strong></span> <span class='ocrx_word' id='word_1_56' title='bbox 1261 969 1581 1050; x_wconf 79' lang='lat' dir='ltr'><strong>perlucida</strong></span> <span class='ocrx_word' id='word_1_57' title='bbox 1620 968 1821 1051; x_wconf 77' lang='lat' dir='ltr'><strong>palla:</strong></span> 
     </span>
     <span class='ocr_line' id='line_1_10' title="bbox 427 1053 1837 1134; baseline -0.001 -19"><span class='ocrx_word' id='word_1_58' title='bbox 427 1054 559 1115; x_wconf 85' lang='lat' dir='ltr'><strong>Ter</strong></span> <span class='ocrx_word' id='word_1_59' title='bbox 599 1056 714 1114; x_wconf 87' lang='lat' dir='ltr'><strong>tibi</strong></span> <span class='ocrx_word' id='word_1_60' title='bbox 754 1056 828 1116; x_wconf 84' lang='lat' dir='ltr'><strong>fit</strong></span> <span class='ocrx_word' id='word_1_61' title='bbox 866 1053 1029 1134; x_wconf 83' lang='lat' dir='ltr'><strong>libo,</strong></span> <span class='ocrx_word' id='word_1_62' title='bbox 1073 1061 1205 1133; x_wconf 87' lang='lat' dir='ltr'><strong>ter,</strong></span> <span class='ocrx_word' id='word_1_63' title='bbox 1249 1053 1369 1113; x_wconf 80' lang='lat' dir='ltr'><strong>dea</strong></span> <span class='ocrx_word' id='word_1_64' title='bbox 1410 1060 1605 1132; x_wconf 76' lang='lat' dir='ltr'><strong>casta,</strong></span> <span class='ocrx_word' id='word_1_65' title='bbox 1648 1073 1837 1115; x_wconf 87' lang='lat' dir='ltr'><strong>mero.</strong></span> 
     </span>
     <span class='ocr_line' id='line_1_11' title="bbox 343 1135 2339 1218; baseline -0.001 -21"><span class='ocrx_word' id='word_1_66' title='bbox 343 1138 658 1218; x_wconf 78' lang='lat' dir='ltr'><strong>Praecipit</strong></span> <span class='ocrx_word' id='word_1_67' title='bbox 700 1144 764 1198; x_wconf 87' lang='lat' dir='ltr'><strong>et</strong></span> <span class='ocrx_word' id='word_1_68' title='bbox 806 1145 986 1199; x_wconf 80' lang='lat' dir='ltr'><strong>natae</strong></span> <span class='ocrx_word' id='word_1_69' title='bbox 1029 1146 1226 1198; x_wconf 78' lang='lat' dir='ltr'><strong>mater</strong></span> <span class='ocrx_word' id='word_1_70' title='bbox 1265 1135 1574 1213; x_wconf 76' lang='lat' dir='ltr'><strong>studiosa,</strong></span> <span class='ocrx_word' id='word_1_71' title='bbox 1618 1137 1781 1216; x_wconf 86' lang='lat' dir='ltr'><strong>quod</strong></span> <span class='ocrx_word' id='word_1_72' title='bbox 1827 1145 2027 1218; x_wconf 82' lang='lat' dir='ltr'><strong>optat:</strong></span> <span class='ocrx_word' id='word_1_73' title='bbox 2147 1184 2156 1195; x_wconf 90' lang='lat'><em>.</em></span> <span class='ocrx_word' id='word_1_74' title='bbox 2281 1154 2339 1204; x_wconf 83' lang='lat'><strong>15</strong></span> 
     </span>
     <span class='ocr_line' id='line_1_12' title="bbox 426 1219 1843 1299; baseline -0.001 -18"><span class='ocrx_word' id='word_1_75' title='bbox 426 1220 538 1284; x_wconf 79' lang='lat' dir='ltr'><strong>llla</strong></span> <span class='ocrx_word' id='word_1_76' title='bbox 582 1219 750 1281; x_wconf 77' lang='lat' dir='ltr'><strong>uliud</strong></span> <span class='ocrx_word' id='word_1_77' title='bbox 787 1223 1007 1298; x_wconf 77' lang='lat' dir='ltr'><strong>tacita,</strong></span> <span class='ocrx_word' id='word_1_78' title='bbox 1049 1222 1169 1280; x_wconf 79' lang='lat' dir='ltr'><strong>iam</strong></span> <span class='ocrx_word' id='word_1_79' title='bbox 1208 1240 1336 1296; x_wconf 77' lang='lat' dir='ltr'><strong>suu,</strong></span> <span class='ocrx_word' id='word_1_80' title='bbox 1380 1227 1591 1279; x_wconf 87' lang='lat' dir='ltr'><strong>mente</strong></span> <span class='ocrx_word' id='word_1_81' title='bbox 1631 1227 1843 1299; x_wconf 70' lang='lat' dir='ltr'><strong>rogat:</strong></span> 
     </span>
     <span class='ocr_line' id='line_1_13' title="bbox 342 1300 1832 1383; baseline -0.003 -17"><span class='ocrx_word' id='word_1_82' title='bbox 342 1305 593 1383; x_wconf 83' lang='lat' dir='ltr'><strong>Uritur,</strong></span> <span class='ocrx_word' id='word_1_83' title='bbox 636 1310 705 1365; x_wconf 84' lang='lat' dir='ltr'><strong>ut</strong></span> <span class='ocrx_word' id='word_1_84' title='bbox 747 1301 987 1363; x_wconf 69' lang='lat' dir='ltr'><strong>celeres</strong></span> <span class='ocrx_word' id='word_1_85' title='bbox 1031 1311 1218 1363; x_wconf 88' lang='lat' dir='ltr'><strong>urunt</strong></span> <span class='ocrx_word' id='word_1_86' title='bbox 1260 1300 1479 1365; x_wconf 79' lang='lat' dir='ltr'><strong>altaria</strong></span> <span class='ocrx_word' id='word_1_87' title='bbox 1520 1304 1832 1382; x_wconf 77' lang='lat' dir='ltr'><strong>flammae,</strong></span> 
     </span>
     <span class='ocr_line' id='line_1_14' title="bbox 427 1386 1793 1467; baseline 0.001 -20"><span class='ocrx_word' id='word_1_88' title='bbox 427 1386 589 1464; x_wconf 85' lang='lat' dir='ltr'><strong>Nec,</strong></span> <span class='ocrx_word' id='word_1_89' title='bbox 632 1386 821 1447; x_wconf 82' lang='lat' dir='ltr'><strong>liceat</strong></span> <span class='ocrx_word' id='word_1_90' title='bbox 859 1388 1161 1467; x_wconf 66' lang='lat' dir='ltr'><strong>quumvi8‚</strong></span> <span class='ocrx_word' id='word_1_91' title='bbox 1200 1406 1345 1447; x_wconf 75' lang='lat' dir='ltr'><strong>suna</strong></span> <span class='ocrx_word' id='word_1_92' title='bbox 1389 1387 1581 1447; x_wconf 77' lang='lat' dir='ltr'><strong>fuisse</strong></span> <span class='ocrx_word' id='word_1_93' title='bbox 1623 1386 1793 1448; x_wconf 88' lang='lat' dir='ltr'><strong>velit.</strong></span> 
     </span>
     <span class='ocr_line' id='line_1_15' title="bbox 344 1470 2050 1550; baseline 0.001 -19"><span class='ocrx_word' id='word_1_94' title='bbox 344 1470 443 1531; x_wconf 82' lang='lat' dir='ltr'><strong>Sis</strong></span> <span class='ocrx_word' id='word_1_95' title='bbox 485 1471 690 1530; x_wconf 83' lang='lat' dir='ltr'><strong>iuveni</strong></span> <span class='ocrx_word' id='word_1_96' title='bbox 729 1478 934 1549; x_wconf 74' lang='lat' dir='ltr'><strong>grata:</strong></span> <span class='ocrx_word' id='word_1_97' title='bbox 978 1470 1264 1531; x_wconf 76' lang='lat' dir='ltr'><strong>adveniet</strong></span> <span class='ocrx_word' id='word_1_98' title='bbox 1306 1491 1440 1530; x_wconf 89' lang='lat' dir='ltr'><strong>cum</strong></span> <span class='ocrx_word' id='word_1_99' title='bbox 1483 1472 1791 1550; x_wconf 82' lang='lat' dir='ltr'><strong>proximus</strong></span> <span class='ocrx_word' id='word_1_100' title='bbox 1831 1492 2050 1549; x_wconf 68' lang='lat' dir='ltr'><strong>annum,</strong></span> 
     </span>
     <span class='ocr_line' id='line_1_16' title="bbox 426 1552 2344 1619; baseline 0 -4"><span class='ocrx_word' id='word_1_101' title='bbox 426 1553 546 1615; x_wconf 83' lang='lat' dir='ltr'><strong>Hic</strong></span> <span class='ocrx_word' id='word_1_102' title='bbox 585 1552 752 1617; x_wconf 86' lang='lat' dir='ltr'><strong>idem</strong></span> <span class='ocrx_word' id='word_1_103' title='bbox 793 1556 952 1619; x_wconf 76' lang='lat' dir='ltr'><strong>votis</strong></span> <span class='ocrx_word' id='word_1_104' title='bbox 991 1556 1110 1615; x_wconf 73' lang='lat' dir='ltr'><strong>iam</strong></span> <span class='ocrx_word' id='word_1_105' title='bbox 1150 1561 1326 1615; x_wconf 78' lang='lat' dir='ltr'><strong>vetus</strong></span> <span class='ocrx_word' id='word_1_106' title='bbox 1364 1553 1525 1615; x_wconf 76' lang='lat' dir='ltr'><strong>adsit</strong></span> <span class='ocrx_word' id='word_1_107' title='bbox 1568 1573 1753 1617; x_wconf 77' lang='lat' dir='ltr'><strong>amor.</strong></span> <span class='ocrx_word' id='word_1_108' title='bbox 2278 1565 2344 1615; x_wconf 82' lang='lat'><strong>20</strong></span> 
     </span>
    </p>
   </div>
   <div class='ocr_carea' id='block_1_5' title="bbox 1147 1872 1528 1900">
    <p class='ocr_par' dir='ltr' id='par_1_5' title="bbox 1147 1872 1528 1900">
     <span class='ocr_line' id='line_1_17' title="bbox 1147 1872 1528 1888; baseline -0.005 -3"><span class='ocrx_word' id='word_1_109' title='bbox 1147 1872 1528 1888; x_wconf 51' lang='lat' dir='ltr'><em>m</em></span> 
     </span>
     <span class='ocr_line' id='line_1_18' title="bbox 1149 1888 1525 1900; baseline -0.005 0"><span class='ocrx_word' id='word_1_110' title='bbox 1149 1888 1525 1900; x_wconf 69' lang='lat' dir='ltr'><strong>-——---o</strong></span> 
     </span>
    </p>
   </div>
  </div>
 </body>
</html>
