2578 3898
422 768 977 871 ALBII
1116 768 1918 874 TIBULLI

831 951 1108 1050 mmm
1150 984 1508 1050 PRIMUS.

172 1405 448 1496 Divitias
492 1434 645 1494 alius
688 1435 853 1495 fulvo
894 1436 1014 1494 sibi
1058 1440 1355 1512 congerat
1393 1455 1539 1495 auro

255 1521 340 1579 Et
382 1525 595 1578 teneat
637 1516 787 1577 culti
830 1519 1045 1597 iugera
1086 1518 1276 1578 multa
1319 1518 1468 1596 soli,

173 1606 371 1682 Quem
411 1600 590 1662 labor
634 1601 910 1661 assiduus
952 1603 1152 1661 vicino
1197 1608 1438 1661 terreat
1479 1603 1695 1678 hoste„

104 1690 116 1699 ’
258 1687 488 1747 Martia
531 1685 630 1744 cui
671 1704 916 1744 somnos
961 1682 1215 1743 classica
1249 1683 1429 1762 pulsa
1468 1685 1719 1761 sugente

106 1806 123 1843 ς
175 1771 284 1831 Me
327 1787 460 1829 mea
497 1775 828 1848 paupertas
866 1768 1028 1826 vitae
1067 1766 1353 1826 traducat
1392 1768 1615 1845 inerti,

106 1848 107 1851 ’
258 1854 416 1913 Dum
459 1870 630 1911 meus
674 1850 917 1911 assiduo
955 1848 1166 1910 luceat
1203 1851 1350 1928 igne
1392 1849 1587 1911 focus.

177 1937 317 2018 lpse
358 1955 559 1997 seram
599 1941 850 1996 teneras
895 1941 1130 1994 maturo
1172 1940 1457 2015 tempore
1498 1935 1656 1995 vites

131 2031 137 2036 ’
256 2021 543 2080 Rusticus
589 2027 656 2079 et
698 2019 865 2079 facili
904 2017 1159 2097 grandia
1198 2039 1379 2098 poma
1421 2038 1632 2078 manu:

110 2097 111 2102 ’
173 2104 304 2163 Nec
347 2122 489 2182 spes
529 2101 855 2179 destituat,
900 2100 1012 2170 sed
1055 2102 1299 2180 frugum
1343 2120 1589 2181 semper
1633 2120 1883 2163 acervos
1965 2082 1975 2091 ’

258 2187 564 2245 Praebeat
604 2192 670 2244 et
707 2184 895 2263 pleno
936 2186 1188 2262 pinguia
1229 2192 1429 2245 musta
1468 2185 1623 2243 lacu.

130 2273 139 2280 '
174 2269 326 2329 Nam
370 2287 669 2346 veneror,
713 2287 822 2327 seu
862 2269 1054 2347 stipes
1093 2268 1284 2326 habet
1327 2267 1610 2327 desertus
1652 2270 1717 2328 in
1762 2270 1925 2347 agris

261 2354 386 2412 Seu
424 2358 599 2411 vetus
639 2354 704 2414 in
746 2352 929 2411 trivio
968 2352 1163 2411 florea
1206 2358 1376 2411 serta
1416 2349 1609 2431 lapis:

175 2435 260 2495 Et
304 2433 713 2513 quodeunque
757 2434 906 2494 mihi
948 2454 1192 2513 pomum
1237 2454 1429 2495 novus
1476 2433 1700 2495 educat
1741 2454 1964 2514 annus,

260 2518 544 2577 Libatum
590 2516 898 2595 agricolae
941 2520 1195 2597 ponitur
1233 2525 1377 2578 ante
1423 2517 1623 2578 deum.

175 2599 363 2661 Flava
401 2600 633 2677 Ceres,
674 2601 791 2660 tibi
830 2602 914 2663 sit
953 2607 1167 2661 nostro
1211 2600 1292 2660 de
1337 2620 1483 2663 rure
1529 2620 1757 2662 corona

263 2684 514 2764 Spicea,
555 2702 709 2761 quae
750 2682 970 2763 templi
1012 2684 1285 2763 pendeat
1329 2691 1471 2744 ante
1506 2686 1708 2744 forest

178 2767 583 2845 Pomosisque
626 2768 816 2825 ruber
863 2772 1066 2825 custos
1108 2773 1373 2845 ponatur
1413 2769 1480 2825 in
1521 2767 1754 2843 hortis,

265 2851 535 2910 Terreat
574 2856 644 2910 ut
685 2868 862 2910 saeva
903 2848 1063 2908 falce
1105 2850 1367 2928 Priapus
1409 2867 1566 2909 aves.

179 2934 312 2996 Vos
357 2953 637 3013 quoque,
675 2933 880 2993 felicis
925 2931 1229 3011 quondam
1272 2952 1435 2992 nunc
1475 2934 1765 3013 pauperis
1810 2935 1941 3012 agri

128 3039 131 3042 ·
265 3016 604 3095 Custodes,
646 3018 829 3077 fertis
872 3035 1127 3077 munera
1167 3023 1403 3095 vestra,
1445 3016 1658 3077 Lares.

181 3099 362 3167 Tunc
405 3098 597 3158 vitula
637 3102 991 3161 innumeros
1027 3098 1335 3161 lustrabat
1377 3119 1554 3160 caesa
1595 3102 1915 3160 iuvencos:

262 3183 440 3243 Nunc
482 3200 635 3259 agna
672 3185 876 3261 exigui
915 3189 1013 3243 est
1048 3185 1252 3245 hostia
1292 3204 1480 3264 parva
1521 3181 1659 3243 soli.

180 3269 356 3345 Agna
399 3263 581 3324 cadet
622 3266 827 3342 vobis,
872 3284 1050 3342 quam
1096 3270 1326 3345 circum
1370 3268 1600 3326 rustica
1639 3268 1836 3346 pubes

267 3347 511 3410 Clamet
549 3350 645 3409 ‘io
690 3365 922 3408 messes
960 3354 1026 3406 et
1067 3351 1228 3409 bona
1265 3352 1407 3410 vina
1445 3349 1643 3410 date'.

182 3433 304 3492 lam
342 3431 524 3492 modo
570 3452 693 3492 non
736 3450 985 3514 possum
1029 3437 1355 3491 contentus
1398 3435 1605 3494 vivere
1645 3452 1833 3513 parvo

274 3533 557 3573 manuus,
1738 3517 1764 3572 1

2115 2199 2178 2249 10

2112 2612 2179 2663 15

2111 3027 2183 3077 20
