2578 3898
339 163 423 225 40
758 159 1050 222 TIBULLI
1096 157 1505 240 (LYGDAMI)
1550 158 1689 222 ΠΒ.
1721 160 1823 223 111.
1853 173 1908 228 4.

341 331 517 392 Artis
558 348 710 409 opus
750 346 959 407 rarae,
1005 327 1252 406 fulgens
1297 326 1611 389 testudine
1655 333 1721 389 et
1763 349 1909 390 auro

425 411 750 473 Pendebat
790 411 960 472 laeva
998 411 1244 490 garrula
1283 416 1464 490 parte
1504 412 1660 489 lyra.

345 496 521 559 Hanc
562 497 826 575 primum
864 497 1117 556 veniens
1159 492 1406 574 plectro
1449 493 1796 556 modulatus
1839 499 2108 578 eburno,

429 578 679 643 Felices
723 585 934 639 cantus
973 597 1083 638 ore
1127 583 1385 638 sonante
1430 577 1635 638 dedit.

348 662 477 724 Sed
520 669 840 742 postquam
884 662 1132 723 fuerant
1181 661 1359 739 digiti
1402 680 1539 722 cum
1579 680 1730 722 voce
1771 660 2001 744 locutI,

425 745 642 807 Edidit
682 747 837 806 haec
876 744 1042 806 dulci
1084 746 1287 806 tristia
1328 747 1518 806 verba
1557 745 1760 807 modo.

348 829 596 907 ‘Salve‚
643 849 788 890 cura
829 827 1041 889 deum:
1081 835 1248 889 casto
1292 848 1430 888 nam
1468 831 1589 890 rite
1629 836 1852 909 poetae

428 913 838 992 Phoebusque
882 918 947 973 et
987 912 1264 973 Bacchus
1309 912 1714 990 Pieridesque
1756 915 1998 974 favente

346 996 473 1057 Sed
514 996 724 1076 proles
770 994 1050 1057 Semeles
1091 996 1369 1056 Bacchus
1415 995 1756 1076 doctaeque
1800 1016 2048 1058 sorores

426 1080 653 1139 Dicere
695 1098 819 1139 non
860 1086 1119 1157 norunt,
1164 1080 1312 1158 quid
1357 1080 1520 1139 ferat
1559 1081 1714 1140 hora
1756 1100 2049 1162 sequensz

346 1164 430 1224 At
470 1162 621 1222 mihi
663 1162 929 1223 fatorum
968 1162 1139 1241 leges
1183 1165 1438 1241 aevique
1481 1162 1675 1223 futuri

432 1247 746 1306 Eventura
784 1254 963 1325 pater
1007 1264 1189 1327 posse
1230 1244 1446 1305 videre
1490 1244 1681 1306 dedit.

349 1329 558 1405 Quare
604 1348 718 1407 ego
763 1348 918 1407 quae
961 1329 1097 1389 dico
1142 1348 1267 1388 non
1309 1326 1497 1388 fallax
1541 1308 1751 1408 accipe
1791 1335 2001 1412 ναίετε,

443 1411 747 1492 Quodque
790 1412 942 1474 deus
983 1431 1130 1474 vero
1172 1414 1474 1492 Cynthius
1517 1430 1627 1471 ore
1668 1413 1883 1474 feram.

353 1495 622 1557 'lantum
663 1516 804 1557 cara
849 1498 996 1574 tibi,
1038 1503 1327 1574 quantum
1374 1515 1491 1555 nec
1531 1494 1662 1555 filia
1699 1499 1914 1577 matri,

436 1580 742 1656 Quantum
782 1600 900 1641 nec
941 1579 1161 1660 cupido
1209 1578 1375 1640 bella
1414 1576 1621 1659 puella
1660 1581 1828 1659 viro,

350 1663 473 1722 Pro
520 1683 636 1743 qua
672 1662 971 1725 sollicitas
1016 1662 1310 1723 caelestia
1352 1663 1599 1725 numina
1640 1664 1830 1745 votis,

436 1747 619 1829 Quae
648 1749 763 1808 tibi
808 1767 1058 1812 securos
1100 1766 1226 1807 non
1269 1748 1417 1806 sinit
1460 1747 1556 1806 ire
1599 1738 1786 1824 dies,

350 1830 434 1892 Et
472 1849 607 1889 cum
647 1837 714 1891 te
756 1831 929 1891 fusco
972 1850 1217 1891 somnus
1261 1828 1484 1889 velavit
1529 1831 1786 1905 amictu,

438 1913 676 1975 Vanum
717 1914 1033 1973 nocturnis
1076 1911 1243 1971 fallit
1279 1911 1674 1987 imaginibus,

355 1997 743 2058 Carminibus
786 1993 1101 2055 celebrata
1143 1995 1264 2053 tuis
1307 1993 1579 2053 formosa
1615 1992 1857 2055 Neaera

438 2081 715 2142 Alterius
749 2076 974 2139 mavult
1016 2095 1154 2138 esse
1195 2075 1402 2158 puella
1443 2077 1592 2156 viri,

354 2166 765 2242 Diversasque
805 2182 943 2223 suas
987 2162 1175 2241 agitat
1215 2181 1391 2223 mens
1432 2162 1620 2243 impia
1663 2182 1874 2243 curas,

439 2249 569 2310 Nec
611 2245 836 2324 gaudet
878 2252 1044 2306 casta
1086 2253 1276 2327 nupta
1317 2246 1559 2312 Neaera
1603 2246 1803 2307 domo.

358 2332 457 2392 Ah
501 2328 753 2390 crudele
796 2348 988 2409 genus
1032 2347 1149 2389 nec
1189 2328 1378 2408 fidum
1421 2330 1651 2391 femina
1691 2334 1948 2393 nomen!

443 2413 542 2471 Ah
585 2419 833 2492 pereat,
873 2413 1092 2474 didicit
1133 2412 1357 2474 fallere
1396 2414 1571 2493 siqua
1610 2415 1823 2474 virum.

360 2493 487 2557 Sed
526 2498 698 2557 flecti
740 2498 1003 2577 poterit:
1047 2515 1220 2571 mens
1265 2502 1362 2556 est
1400 2496 1707 2557 mutabilis
1748 2496 1907 2559 illis:

444 2580 544 2639 Tu
588 2578 767 2640 modo
812 2599 946 2640 cum
987 2578 1178 2640 multa
1223 2580 1473 2640 brachia
1516 2579 1706 2640 tende
1747 2600 1954 2660 prece.

361 2666 589 2726 Saevus
630 2666 821 2724 Amor
863 2661 1073 2725 docuit
1115 2661 1351 2723 validos
1396 2668 1640 2723 tentare
1681 2661 1962 2746 labores,

446 2749 672 2808 Saevus
715 2749 906 2808 Amor
951 2746 1158 2809 docuit
1201 2748 1464 2807 verbera
1505 2766 1683 2807 saeva
1722 2750 1870 2828 pati.

365 2831 476 2892 Me
520 2829 825 2909 quondam
860 2830 1109 2891 Admeti
1152 2831 1361 2892 niveas
1401 2833 1642 2910 pavisse
1680 2832 1967 2894 iuvencas

443 2913 582 2974 Non
624 2920 721 2973 est
760 2915 828 2972 in
870 2933 1085 2973 vanum
1123 2911 1335 2974 fabula
1373 2916 1519 2974 ficta
1555 2916 1786 2974 iocum.

364 2997 540 3059 Tunc
579 3015 693 3075 ego
737 3014 854 3056 nec
894 2995 1128 3055 cithara
1168 3004 1449 3076 poteram
1492 2995 1761 3073 gaudere
1804 3016 2028 3059 sonora

444 3081 575 3142 Nec
618 3078 848 3141 similes
891 3077 1141 3138 chordis
1180 3077 1452 3137 reddere
1494 3095 1643 3137 voce
1686 3089 1902 3160 sonos,

366 3164 492 3226 Sed
534 3162 879 3244 perlucenti
922 3167 1134 3222 cantus
1174 3158 1519 3220 meditabar
1563 3178 1756 3222 avena

448 3245 562 3307 Ille
604 3266 718 3326 ego
760 3247 1032 3307 Latonae
1074 3241 1236 3303 filius
1279 3250 1465 3344 atque
1507 3244 1683 3305 Iovis.

365 3329 581 3392 Nescis
625 3330 772 3409 quid
814 3331 896 3390 sit
939 3348 1138 3406 amor,
1181 3328 1452 3405 iuvenis,
1497 3329 1550 3388 si
1591 3327 1765 3390 ferre
1805 3348 2052 3392 recusas

449 3413 749 3475 immitem
793 3410 1097 3475 dominam
1140 3412 1610 3492 coniugiumque
1652 3413 1876 3474 ferum.

2270 1006 2339 1058 45

2275 1426 2458 1478 50-

2280 1847 2350 1899 55

2285 2681 2357 2736 65

2289 3094 2363 3150 70
