2578 3898
323 226 404 287 52
858 215 874 226 “
951 220 1246 283 TIBULLI
1286 219 1427 282 ΗΒ.
1459 220 1560 281 IV.
1598 230 1653 285 3.
1679 229 1734 284 4.

330 392 569 471 Quidve
612 394 779 452 iuvat
813 390 1031 450 furtim
1069 387 1347 451 latebras
1388 389 1627 448 intrare
1669 387 1941 448 ferarum

417 473 818 552 Candidaque
858 475 1121 534 hamati·
1165 493 1349 533 crura
1388 477 1608 532 notare
1652 472 1869 530 rubis?
2287 481 2357 534 10

331 559 459 621 Sed
502 566 745 635 tamen,
784 563 852 618 ut
894 564 1099 618 tecum
1141 556 1363 634 liceat,
1410 556 1745 631 Cerinthe,
1791 557 2027 634 vagari,

413 645 549 724 Ipsa
592 661 706 721 ego
749 659 865 721 per
907 646 1150 700 montes
1193 641 1357 701 retia
1397 645 1565 698 torta
1606 638 1837 714 feram,

329 729 466 807 lpsa
509 745 624 804 ego
667 722 900 785 veloci·
942 743 1230 803 quaeram
1271 723 1533 800 vestigia
1576 720 1744 783 cervi

412 811 497 870 Et
538 809 779 869 demam
820 805 1017 868 celeri
1059 808 1269 869 ferrea
1312 804 1515 867 vincla
1560 805 1715 883 cani.
1831 810 1836 873 f

330 894 508 954 Tunc
548 893 736 968 mihi,
781 897 926 951 tunc
962 889 1250 972 placeant
1289 889 1513 967 silvae,
1556 890 1641 966 si,
1684 887 1787 947 lux
1828 907 1997 966 mea,
2042 893 2244 947 tecum
2289 896 2353 950 15

416 978 658 1055 Arguar
700 980 844 1035 ante
886 977 1053 1056 ipsas
1098 975 1505 1037 concubuisse
1548 969 1794 1052 plagas:

332 1060 510 1121 Tunc
552 1061 761 1119 veniat
801 1055 955 1120 licet
1000 1057 1078 1118 ad
1120 1078 1358 1136 casses,
1400 1055 1654 1117 illaesus
1701 1056 1929 1133 abibit,

414 1143 508 1204 Ne
551 1142 820 1205 Veneris
860 1141 1122 1223 cupidae
1165 1141 1388 1221 gaudia
1430 1141 1679 1217 turbet,
1723 1156 1892 1219 aper.

328 1228 506 1288 Nunc
549 1228 685 1286 sine
728 1243 829 1286 me
870 1227 954 1286 sit
991 1224 1162 1285 nulla
1203 1226 1449 1312 Venus,
1494 1221 1608 1285 sed
1643 1220 1788 1300 lege
1833 1222 2099 1301 Dianae,

416 1311 602 1370 Caste
647 1329 834 1391 puer,
878 1314 1047 1369 casta
1082 1309 1246 1369 retia
1286 1314 1472 1387 tange
1515 1325 1730 1371 manu:
2283 1314 2358 1366 20

331 1395 414 1455 Et
461 1409 862 1472 quaecunque
896 1411 1043 1457 meo
1072 1392 1305 1457 „furtim
1343 1391 1628 1470 subrepit
1666 1388 1895 1468 amori,

415 1477 653 1537 lucidat
693 1478 760 1536 in
803 1495 1013 1539 saevas
1060 1473 1413 1557 diripienda
1454 1474 1641 1536 feras.
1693 1472 1698 1479 ’

333 1560 417 1619 At
456 1568 524 1619 tu
565 1560 832 1620 venandi
874 1558 1146 1621 studium
1192 1557 1469 1623 concede
1512 1557 1793 1637 parenti,

416 1643 499 1702 Et
537 1641 710 1704 celer
751 1645 816 1705 in
857 1649 1106 1705 nostros
1147 1645 1283 1726 ipse
1326 1642 1585 1704 recurre
1624 1640 1813 1702 sinus.

1275 1857 1393 1921 IV.

336 1945 477 2037 Huc
519 1974 666 2036 ades
711 1980 777 2034 et
817 1980 1075 2033 tenerae
1118 1974 1369 2033 morbos
1413 1969 1663 2050 expelle
1705 1969 1984 2052 puellae,

349 2097 352 2104 ·
417 2060 560 2120 Huc
604 2057 788 2136 ades,
828 2057 1076 2116 intonsa
1112 2056 1374 2117 Phoebe
1420 2057 1689 2135 superbe
1730 2075 1918 2116 coma.

333 2142 541 2206 Crede
585 2143 772 2219 mihi,
813 2158 1111 2220 propera:
1153 2158 1272 2199 nec
1314 2145 1380 2198 te
1420 2140 1575 2219 iam,
1615 2138 1905 2218 Phoebe,
1949 2140 2184 2221 pigebit

415 2229 752 2287 Formosae
794 2221 1063 2284 medicas
1110 2222 1484 2304 applicuisse
1526 2243 1757 2285 manus.
1789 2283 1810 2296 r

330 2312 532 2373 Effice
573 2327 653 2367 ne
699 2308 926 2367 macies
968 2305 1280 2386 pallentes
1324 2313 1588 2387 occupet
1630 2313 1830 2379 artus,
2321 2321 2354 2371 5

415 2394 554 2453 Neu
591 2395 771 2450 notet
813 2390 1097 2451 informis
1138 2389 1406 2451 candida
1441 2392 1715 2453 membra
1759 2388 1965 2467 color,

330 2481 412 2538 Et
452 2471 864 2554 quodcunque
902 2470 1049 2533 mali
1089 2481 1187 2535 est
1230 2481 1297 2535 et
1335 2469 1628 2553 quicquid
1668 2475 1849 2533 triste
1893 2476 2204 2550 timemuS,

416 2560 484 2619 In
521 2554 779 2637 pelagus
821 2555 1055 2635 rapidis
1100 2558 1324 2618 evehat
1361 2559 1553 2615 amnis
1598 2558 1790 2634 aquis.

331 2645 591 2716 Sancte,
632 2640 806 2718 veni,
848 2645 1178 2718 tecumque
1222 2641 1427 2717 feras,
1472 2640 1821 2717 quicunque
1863 2657 2148 2718 sapores,

417 2723 784 2801 Quicunque
827 2729 894 2783 et
934 2729 1148 2783 cantus
1191 2742 1456 2802 corpora
1497 2723 1663 2782 fessa
1701 2720 1943 2781 levant:
2288 2736 2356 2786 10

332 2810 468 2870 Neu
510 2807 797 2867 iuvenem
842 2812 1102 2885 torque,
1147 2808 1370 2867 metuit
1414 2806 1520 2885 qui
1560 2805 1687 2864 fata
1726 2803 1979 2885 puellae

415 2891 705 2967 Votaque
745 2908 863 2968 pro
910 2888 1155 2951 domina
1195 2892 1296 2951 vix
1334 2888 1715 2950 numeranda
1751 2888 1921 2948 facit.

329 2971 649 3035 Interdum
690 2980 904 3048 vovet,
949 2973 1295 3051 interdum,
1340 2971 1507 3051 quod
1546 2971 1837 3050 langueat
1875 2968 2018 3046 illa,

418 3056 585 3118 Dicit
620 3056 686 3115 in
729 3061 1021 3115 aeternos
1068 3076 1286 3136 aspera
1327 3056 1519 3117 verba
1556 3054 1727 3115 deos.

331 3142 504 3201 Pone
545 3145 808 3217 metum,
847 3139 1183 3199 Cerinthe:
1225 3138 1380 3200 deus
1419 3157 1546 3199 non
1582 3138 1780 3198 laedit
1821 3142 2110 3197 amantes.
2287 3149 2352 3199 15

420 3223 520 3283 Tu
562 3221 744 3282 modo
791 3240 1039 3301 semper
1082 3242 1242 3282 ama:
1287 3222 1452 3284 salva
1493 3220 1704 3302 puella
1743 3222 1860 3281 tibi
1907 3227 2020 3280 est.

331 3304 436 3366 Nil
480 3323 631 3386 opus
677 3311 775 3365 est
817 3306 1001 3365 fletu:
1044 3303 1315 3367 lacrimis
1358 3308 1483 3366 erit
1524 3306 1726 3384 aptius
1758 3306 1882 3382 uti,

419 3390 487 3448 Si
531 3386 774 3466 quando
814 3388 1010 3449 fuerit
1051 3391 1292 3450 tristIor
1332 3389 1444 3450 illa
1486 3390 1619 3452 tibi.

335 3473 419 3532 At
460 3490 623 3531 nunc
665 3476 796 3531 tota
838 3477 941 3532 tua
988 3476 1120 3550 est,
1164 3479 1230 3533 te
1272 3473 1473 3535 solum
1519 3469 1779 3532 candida
1822 3489 2029 3532 secum
2123 3515 2130 3521 .
