<?xml version="1.0" encoding="UTF-8"?>
<!DOCTYPE html PUBLIC "-//W3C//DTD XHTML 1.0 Transitional//EN"
    "http://www.w3.org/TR/xhtml1/DTD/xhtml1-transitional.dtd">
<html xmlns="http://www.w3.org/1999/xhtml" xml:lang="en" lang="en">
 <head>
  <title>
</title>
<meta http-equiv="Content-Type" content="text/html;charset=utf-8" />
  <meta name='ocr-system' content='tesseract 3.04.00' />
  <meta name='ocr-capabilities' content='ocr_page ocr_carea ocr_par ocr_line ocrx_word'/>
</head>
<body>
  <div class='ocr_page' id='page_1' title='image "./libriquattuorre00tibugoog_0038.png"; bbox 0 0 2578 3898; ppageno 0'>
   <div class='ocr_carea' id='block_1_1' title="bbox 341 174 1805 240">
    <p class='ocr_par' dir='ltr' id='par_1_1' title="bbox 341 174 1805 240">
     <span class='ocr_line' id='line_1_1' title="bbox 341 174 1805 240; baseline -0.001 -2"><span class='ocrx_word' id='word_1_1' title='bbox 341 176 424 240; x_wconf 83' lang='lat'><strong>24</strong></span> <span class='ocrx_word' id='word_1_2' title='bbox 1017 174 1308 239; x_wconf 87' lang='lat' dir='ltr'>TIBULLI</span> <span class='ocrx_word' id='word_1_3' title='bbox 1347 174 1485 235; x_wconf 90' lang='lat' dir='ltr'><strong>LIB.</strong></span> <span class='ocrx_word' id='word_1_4' title='bbox 1522 174 1593 235; x_wconf 92' lang='grc' dir='ltr'><strong>ΙΙ.</strong></span> <span class='ocrx_word' id='word_1_5' title='bbox 1628 188 1678 238; x_wconf 88' lang='grc'><strong>1.</strong></span> <span class='ocrx_word' id='word_1_6' title='bbox 1783 186 1805 205; x_wconf 86' lang='grc'><em>·</em></span> 
     </span>
    </p>
   </div>
   <div class='ocr_carea' id='block_1_2' title="bbox 258 342 2361 3521">
    <p class='ocr_par' dir='ltr' id='par_1_2' title="bbox 258 342 2361 3521">
     <span class='ocr_line' id='line_1_2' title="bbox 343 342 1823 428; baseline -0.003 -20"><span class='ocrx_word' id='word_1_7' title='bbox 343 347 563 409; x_wconf 86' lang='lat' dir='ltr'><strong>Omnia</strong></span> <span class='ocrx_word' id='word_1_8' title='bbox 605 347 730 408; x_wconf 90' lang='lat' dir='ltr'><strong>sint</strong></span> <span class='ocrx_word' id='word_1_9' title='bbox 772 350 1026 428; x_wconf 88' lang='lat' dir='ltr'><strong>operata</strong></span> <span class='ocrx_word' id='word_1_10' title='bbox 1067 343 1218 406; x_wconf 81' lang='lat' dir='ltr'><strong>deo:</strong></span> <span class='ocrx_word' id='word_1_11' title='bbox 1260 363 1388 405; x_wconf 93' lang='lat' dir='ltr'><strong>non</strong></span> <span class='ocrx_word' id='word_1_12' title='bbox 1429 342 1652 405; x_wconf 89' lang='lat' dir='ltr'><strong>audeat</strong></span> <span class='ocrx_word' id='word_1_13' title='bbox 1693 342 1823 405; x_wconf 91' lang='lat' dir='ltr'><strong>ulla</strong></span> 
     </span>
     <span class='ocr_line' id='line_1_3' title="bbox 426 429 2361 512; baseline -0.004 -20"><span class='ocrx_word' id='word_1_14' title='bbox 426 432 759 492; x_wconf 87' lang='lat' dir='ltr'><strong>Lanificam</strong></span> <span class='ocrx_word' id='word_1_15' title='bbox 797 430 1009 512; x_wconf 88' lang='lat' dir='ltr'><strong>pensis</strong></span> <span class='ocrx_word' id='word_1_16' title='bbox 1043 429 1409 509; x_wconf 81' lang='lat' dir='ltr'>imposuisse</span> <span class='ocrx_word' id='word_1_17' title='bbox 1445 448 1710 489; x_wconf 90' lang='lat' dir='ltr'><strong>manum.</strong></span> <span class='ocrx_word' id='word_1_18' title='bbox 2287 443 2361 496; x_wconf 66' lang='grc' dir='ltr'><strong>ιο</strong></span> 
     </span>
     <span class='ocr_line' id='line_1_4' title="bbox 345 510 2183 594; baseline -0.001 -18"><span class='ocrx_word' id='word_1_19' title='bbox 345 514 472 577; x_wconf 90' lang='lat' dir='ltr'><strong>Vos</strong></span> <span class='ocrx_word' id='word_1_20' title='bbox 517 533 762 594; x_wconf 85' lang='lat' dir='ltr'><strong>quoque</strong></span> <span class='ocrx_word' id='word_1_21' title='bbox 806 515 1022 574; x_wconf 90' lang='lat' dir='ltr'><strong>abesse</strong></span> <span class='ocrx_word' id='word_1_22' title='bbox 1063 511 1286 593; x_wconf 89' lang='lat' dir='ltr'><strong>procul</strong></span> <span class='ocrx_word' id='word_1_23' title='bbox 1328 513 1547 590; x_wconf 88' lang='lat' dir='ltr'><strong>iubeo,</strong></span> <span class='ocrx_word' id='word_1_24' title='bbox 1584 510 1866 573; x_wconf 88' lang='lat' dir='ltr'><strong>discedat</strong></span> <span class='ocrx_word' id='word_1_25' title='bbox 1907 515 1980 575; x_wconf 88' lang='lat' dir='ltr'><strong>ab</strong></span> <span class='ocrx_word' id='word_1_26' title='bbox 2027 517 2183 593; x_wconf 87' lang='lat' dir='ltr'><strong>aris,</strong></span> 
     </span>
     <span class='ocr_line' id='line_1_5' title="bbox 429 595 1835 674; baseline -0.001 -16"><span class='ocrx_word' id='word_1_27' title='bbox 429 598 545 659; x_wconf 76' lang='lat' dir='ltr'><strong>eui</strong></span> <span class='ocrx_word' id='word_1_28' title='bbox 588 599 733 661; x_wconf 88' lang='lat' dir='ltr'><strong>tulit</strong></span> <span class='ocrx_word' id='word_1_29' title='bbox 773 600 1069 658; x_wconf 88' lang='lat' dir='ltr'><strong>hesterna</strong></span> <span class='ocrx_word' id='word_1_30' title='bbox 1111 595 1332 674; x_wconf 89' lang='lat' dir='ltr'><strong>gaudia</strong></span> <span class='ocrx_word' id='word_1_31' title='bbox 1372 602 1558 656; x_wconf 90' lang='lat' dir='ltr'><strong>nocte</strong></span> <span class='ocrx_word' id='word_1_32' title='bbox 1602 596 1835 658; x_wconf 89' lang='lat' dir='ltr'><strong>Venus.</strong></span> 
     </span>
     <span class='ocr_line' id='line_1_6' title="bbox 345 679 1977 762; baseline -0.001 -19"><span class='ocrx_word' id='word_1_33' title='bbox 345 682 530 743; x_wconf 85' lang='lat' dir='ltr'><strong>Casta</strong></span> <span class='ocrx_word' id='word_1_34' title='bbox 570 679 824 762; x_wconf 81' lang='lat' dir='ltr'><strong>placent</strong></span> <span class='ocrx_word' id='word_1_35' title='bbox 865 681 1140 760; x_wconf 83' lang='lat' dir='ltr'><strong>superis:</strong></span> <span class='ocrx_word' id='word_1_36' title='bbox 1181 700 1339 760; x_wconf 88' lang='lat' dir='ltr'><strong>pura</strong></span> <span class='ocrx_word' id='word_1_37' title='bbox 1383 697 1515 740; x_wconf 91' lang='lat' dir='ltr'><strong>cum</strong></span> <span class='ocrx_word' id='word_1_38' title='bbox 1554 686 1728 741; x_wconf 86' lang='lat' dir='ltr'><strong>veste</strong></span> <span class='ocrx_word' id='word_1_39' title='bbox 1770 681 1977 742; x_wconf 87' lang='lat' dir='ltr'><strong>venite</strong></span> 
     </span>
     <span class='ocr_line' id='line_1_7' title="bbox 425 763 1819 845; baseline -0.001 -20"><span class='ocrx_word' id='word_1_40' title='bbox 425 766 511 825; x_wconf 87' lang='lat' dir='ltr'><strong>Et</strong></span> <span class='ocrx_word' id='word_1_41' title='bbox 550 765 826 826; x_wconf 90' lang='lat' dir='ltr'><strong>manibus</strong></span> <span class='ocrx_word' id='word_1_42' title='bbox 866 766 1041 845; x_wconf 89' lang='lat' dir='ltr'><strong>puris</strong></span> <span class='ocrx_word' id='word_1_43' title='bbox 1086 765 1310 825; x_wconf 90' lang='lat' dir='ltr'><strong>sumite</strong></span> <span class='ocrx_word' id='word_1_44' title='bbox 1351 763 1542 824; x_wconf 81' lang='lat' dir='ltr'><strong>fontis</strong></span> <span class='ocrx_word' id='word_1_45' title='bbox 1586 784 1819 844; x_wconf 72' lang='lat' dir='ltr'><strong>aquarn.</strong></span> 
     </span>
     <span class='ocr_line' id='line_1_8' title="bbox 345 847 2356 927; baseline 0.001 -17"><span class='ocrx_word' id='word_1_46' title='bbox 345 849 634 927; x_wconf 79' lang='lat' dir='ltr'><strong>Gemite,</strong></span> <span class='ocrx_word' id='word_1_47' title='bbox 677 847 991 927; x_wconf 78' lang='lat' dir='ltr'><strong>fulgentes</strong></span> <span class='ocrx_word' id='word_1_48' title='bbox 1035 854 1105 909; x_wconf 88' lang='lat' dir='ltr'><strong>ut</strong></span> <span class='ocrx_word' id='word_1_49' title='bbox 1147 854 1249 908; x_wconf 89' lang='lat' dir='ltr'><strong>eat</strong></span> <span class='ocrx_word' id='word_1_50' title='bbox 1289 866 1467 908; x_wconf 90' lang='lat' dir='ltr'><strong>sacer</strong></span> <span class='ocrx_word' id='word_1_51' title='bbox 1511 866 1700 927; x_wconf 89' lang='lat' dir='ltr'><strong>agnus</strong></span> <span class='ocrx_word' id='word_1_52' title='bbox 1747 847 1825 925; x_wconf 87' lang='lat' dir='ltr'><strong>ad</strong></span> <span class='ocrx_word' id='word_1_53' title='bbox 1869 868 2004 909; x_wconf 86' lang='lat' dir='ltr'><strong>aras</strong></span> <span class='ocrx_word' id='word_1_54' title='bbox 2286 862 2356 913; x_wconf 78' lang='lat'><strong>15</strong></span> 
     </span>
     <span class='ocr_line' id='line_1_9' title="bbox 427 930 1926 1013; baseline -0.003 -18"><span class='ocrx_word' id='word_1_55' title='bbox 427 932 776 1009; x_wconf 85' lang='lat' dir='ltr'><strong>Vinctaque</strong></span> <span class='ocrx_word' id='word_1_56' title='bbox 815 938 961 1013; x_wconf 88' lang='lat' dir='ltr'><strong>post</strong></span> <span class='ocrx_word' id='word_1_57' title='bbox 1002 931 1140 991; x_wconf 91' lang='lat' dir='ltr'><strong>olea</strong></span> <span class='ocrx_word' id='word_1_58' title='bbox 1181 930 1441 992; x_wconf 89' lang='lat' dir='ltr'><strong>candida</strong></span> <span class='ocrx_word' id='word_1_59' title='bbox 1481 932 1663 991; x_wconf 88' lang='lat' dir='ltr'><strong>turba</strong></span> <span class='ocrx_word' id='word_1_60' title='bbox 1706 952 1926 993; x_wconf 88' lang='lat' dir='ltr'><strong>comas.</strong></span> 
     </span>
     <span class='ocr_line' id='line_1_10' title="bbox 345 1016 2059 1097; baseline 0.001 -21"><span class='ocrx_word' id='word_1_61' title='bbox 345 1016 446 1076; x_wconf 88' lang='lat' dir='ltr'><strong>Dii</strong></span> <span class='ocrx_word' id='word_1_62' title='bbox 489 1017 706 1096; x_wconf 88' lang='lat' dir='ltr'><strong>patrii,</strong></span> <span class='ocrx_word' id='word_1_63' title='bbox 747 1035 1076 1097; x_wconf 88' lang='lat' dir='ltr'><strong>purgamus</strong></span> <span class='ocrx_word' id='word_1_64' title='bbox 1119 1034 1333 1094; x_wconf 85' lang='lat' dir='ltr'><strong>agros,</strong></span> <span class='ocrx_word' id='word_1_65' title='bbox 1377 1033 1706 1094; x_wconf 88' lang='lat' dir='ltr'><strong>purgamus</strong></span> <span class='ocrx_word' id='word_1_66' title='bbox 1750 1022 2059 1096; x_wconf 76' lang='lat' dir='ltr'><strong>agrestes:</strong></span> 
     </span>
     <span class='ocr_line' id='line_1_11' title="bbox 427 1097 1777 1180; baseline 0.001 -20"><span class='ocrx_word' id='word_1_67' title='bbox 427 1099 558 1162; x_wconf 86' lang='lat' dir='ltr'><strong>Vos</strong></span> <span class='ocrx_word' id='word_1_68' title='bbox 600 1098 757 1160; x_wconf 87' lang='lat' dir='ltr'><strong>mala</strong></span> <span class='ocrx_word' id='word_1_69' title='bbox 796 1097 875 1160; x_wconf 91' lang='lat' dir='ltr'><strong>de</strong></span> <span class='ocrx_word' id='word_1_70' title='bbox 912 1101 1141 1160; x_wconf 89' lang='lat' dir='ltr'><strong>nostris</strong></span> <span class='ocrx_word' id='word_1_71' title='bbox 1183 1098 1409 1180; x_wconf 89' lang='lat' dir='ltr'><strong>pellite</strong></span> <span class='ocrx_word' id='word_1_72' title='bbox 1445 1097 1777 1179; x_wconf 87' lang='lat' dir='ltr'><strong>limitibus,</strong></span> 
     </span>
     <span class='ocr_line' id='line_1_12' title="bbox 343 1181 1919 1262; baseline 0.001 -20"><span class='ocrx_word' id='word_1_73' title='bbox 343 1182 480 1243; x_wconf 90' lang='lat' dir='ltr'><strong>Neu</strong></span> <span class='ocrx_word' id='word_1_74' title='bbox 522 1201 702 1262; x_wconf 87' lang='lat' dir='ltr'><strong>seges</strong></span> <span class='ocrx_word' id='word_1_75' title='bbox 745 1181 955 1245; x_wconf 87' lang='lat' dir='ltr'><strong>eludat</strong></span> <span class='ocrx_word' id='word_1_76' title='bbox 996 1202 1260 1244; x_wconf 85' lang='lat' dir='ltr'><strong>messem</strong></span> <span class='ocrx_word' id='word_1_77' title='bbox 1302 1181 1626 1245; x_wconf 77' lang='lat' dir='ltr'><strong>fallacibus</strong></span> <span class='ocrx_word' id='word_1_78' title='bbox 1670 1184 1919 1261; x_wconf 84' lang='lat' dir='ltr'><strong>herbis,</strong></span> 
     </span>
     <span class='ocr_line' id='line_1_13' title="bbox 426 1265 2358 1347; baseline 0.003 -21"><span class='ocrx_word' id='word_1_79' title='bbox 426 1267 563 1326; x_wconf 90' lang='lat' dir='ltr'><strong>Neu</strong></span> <span class='ocrx_word' id='word_1_80' title='bbox 598 1267 814 1327; x_wconf 84' lang='lat' dir='ltr'><strong>timeat</strong></span> <span class='ocrx_word' id='word_1_81' title='bbox 856 1266 1095 1328; x_wconf 86' lang='lat' dir='ltr'><strong>celeres</strong></span> <span class='ocrx_word' id='word_1_82' title='bbox 1139 1266 1375 1328; x_wconf 76' lang='lat' dir='ltr'><strong>tardior</strong></span> <span class='ocrx_word' id='word_1_83' title='bbox 1417 1284 1569 1345; x_wconf 84' lang='lat' dir='ltr'><strong>agna</strong></span> <span class='ocrx_word' id='word_1_84' title='bbox 1605 1265 1805 1347; x_wconf 90' lang='lat' dir='ltr'><strong>lupos.</strong></span> <span class='ocrx_word' id='word_1_85' title='bbox 2285 1279 2358 1332; x_wconf 79' lang='lat'><strong>20</strong></span> 
     </span>
     <span class='ocr_line' id='line_1_14' title="bbox 346 1348 1870 1432; baseline 0.001 -22"><span class='ocrx_word' id='word_1_86' title='bbox 346 1348 525 1410; x_wconf 90' lang='lat' dir='ltr'><strong>Tunc</strong></span> <span class='ocrx_word' id='word_1_87' title='bbox 567 1349 801 1412; x_wconf 90' lang='lat' dir='ltr'><strong>nitidus</strong></span> <span class='ocrx_word' id='word_1_88' title='bbox 841 1349 1048 1432; x_wconf 90' lang='lat' dir='ltr'><strong>plenis</strong></span> <span class='ocrx_word' id='word_1_89' title='bbox 1091 1352 1355 1414; x_wconf 82' lang='lat' dir='ltr'><strong>confisus</strong></span> <span class='ocrx_word' id='word_1_90' title='bbox 1396 1351 1665 1411; x_wconf 90' lang='lat' dir='ltr'><strong>rusticus</strong></span> <span class='ocrx_word' id='word_1_91' title='bbox 1705 1352 1870 1430; x_wconf 88' lang='lat' dir='ltr'><strong>agris</strong></span> 
     </span>
     <span class='ocr_line' id='line_1_15' title="bbox 426 1432 1685 1514; baseline 0.003 -22"><span class='ocrx_word' id='word_1_92' title='bbox 426 1432 678 1511; x_wconf 81' lang='lat' dir='ltr'><strong>Ingeret</strong></span> <span class='ocrx_word' id='word_1_93' title='bbox 720 1432 968 1496; x_wconf 77' lang='lat' dir='ltr'><strong>ardenti</strong></span> <span class='ocrx_word' id='word_1_94' title='bbox 1006 1434 1261 1514; x_wconf 84' lang='lat' dir='ltr'><strong>grandia</strong></span> <span class='ocrx_word' id='word_1_95' title='bbox 1301 1432 1470 1513; x_wconf 87' lang='lat' dir='ltr'><strong>ligna</strong></span> <span class='ocrx_word' id='word_1_96' title='bbox 1509 1434 1685 1513; x_wconf 86' lang='lat' dir='ltr'><strong>foco,</strong></span> 
     </span>
     <span class='ocr_line' id='line_1_16' title="bbox 344 1516 2013 1598; baseline 0.002 -22"><span class='ocrx_word' id='word_1_97' title='bbox 344 1516 681 1598; x_wconf 83' lang='lat' dir='ltr'><strong>Turbaque</strong></span> <span class='ocrx_word' id='word_1_98' title='bbox 723 1536 1082 1597; x_wconf 82' lang='lat' dir='ltr'><strong>vernarum,</strong></span> <span class='ocrx_word' id='word_1_99' title='bbox 1121 1520 1314 1578; x_wconf 91' lang='lat' dir='ltr'><strong>saturi</strong></span> <span class='ocrx_word' id='word_1_100' title='bbox 1356 1520 1515 1578; x_wconf 91' lang='lat' dir='ltr'><strong>bona</strong></span> <span class='ocrx_word' id='word_1_101' title='bbox 1556 1518 1729 1597; x_wconf 87' lang='lat' dir='ltr'><strong>signa</strong></span> <span class='ocrx_word' id='word_1_102' title='bbox 1772 1517 2013 1597; x_wconf 72' lang='lat' dir='ltr'><strong>coloni,</strong></span> 
     </span>
     <span class='ocr_line' id='line_1_17' title="bbox 424 1599 1780 1682; baseline 0.002 -22"><span class='ocrx_word' id='word_1_103' title='bbox 424 1599 629 1663; x_wconf 86' lang='lat' dir='ltr'><strong>Ludet</strong></span> <span class='ocrx_word' id='word_1_104' title='bbox 672 1607 737 1664; x_wconf 93' lang='lat' dir='ltr'><strong>et</strong></span> <span class='ocrx_word' id='word_1_105' title='bbox 770 1621 846 1665; x_wconf 82' lang='lat' dir='ltr'><strong>ex</strong></span> <span class='ocrx_word' id='word_1_106' title='bbox 885 1603 1073 1682; x_wconf 83' lang='lat' dir='ltr'><strong>virgis</strong></span> <span class='ocrx_word' id='word_1_107' title='bbox 1114 1608 1361 1663; x_wconf 79' lang='lat' dir='ltr'><strong>extruet</strong></span> <span class='ocrx_word' id='word_1_108' title='bbox 1404 1608 1547 1663; x_wconf 87' lang='lat' dir='ltr'><strong>ante</strong></span> <span class='ocrx_word' id='word_1_109' title='bbox 1592 1621 1780 1663; x_wconf 88' lang='lat' dir='ltr'><strong>casas.</strong></span> 
     </span>
     <span class='ocr_line' id='line_1_18' title="bbox 340 1685 2354 1768; baseline 0.002 -22"><span class='ocrx_word' id='word_1_110' title='bbox 340 1685 655 1746; x_wconf 83' lang='lat' dir='ltr'><strong>Eventura</strong></span> <span class='ocrx_word' id='word_1_111' title='bbox 694 1707 956 1768; x_wconf 81' lang='lat' dir='ltr'><strong>precor:</strong></span> <span class='ocrx_word' id='word_1_112' title='bbox 999 1686 1185 1747; x_wconf 87' lang='lat' dir='ltr'><strong>viden</strong></span> <span class='ocrx_word' id='word_1_113' title='bbox 1227 1693 1298 1747; x_wconf 86' lang='lat' dir='ltr'><strong>ut</strong></span> <span class='ocrx_word' id='word_1_114' title='bbox 1335 1685 1628 1747; x_wconf 84' lang='lat' dir='ltr'><strong>felicibus</strong></span> <span class='ocrx_word' id='word_1_115' title='bbox 1672 1687 1831 1748; x_wconf 81' lang='lat' dir='ltr'><strong>extis</strong></span> <span class='ocrx_word' id='word_1_116' title='bbox 2284 1698 2354 1750; x_wconf 79' lang='lat'><strong>25</strong></span> 
     </span>
     <span class='ocr_line' id='line_1_19' title="bbox 428 1767 1767 1851; baseline 0.001 -23"><span class='ocrx_word' id='word_1_117' title='bbox 428 1767 752 1847; x_wconf 85' lang='lat' dir='ltr'><strong>Significet</strong></span> <span class='ocrx_word' id='word_1_118' title='bbox 791 1769 1071 1851; x_wconf 89' lang='lat' dir='ltr'><strong>placidos</strong></span> <span class='ocrx_word' id='word_1_119' title='bbox 1113 1772 1329 1831; x_wconf 87' lang='lat' dir='ltr'><strong>nuntia</strong></span> <span class='ocrx_word' id='word_1_120' title='bbox 1369 1773 1527 1831; x_wconf 87' lang='lat' dir='ltr'><strong>fibra</strong></span> <span class='ocrx_word' id='word_1_121' title='bbox 1571 1770 1767 1832; x_wconf 64' lang='lat' dir='ltr'><strong>deos?</strong></span> 
     </span>
     <span class='ocr_line' id='line_1_20' title="bbox 340 1851 1973 1933; baseline 0.001 -21"><span class='ocrx_word' id='word_1_122' title='bbox 340 1853 516 1912; x_wconf 91' lang='lat' dir='ltr'><strong>Nunc</strong></span> <span class='ocrx_word' id='word_1_123' title='bbox 558 1854 710 1913; x_wconf 92' lang='lat' dir='ltr'><strong>mihi</strong></span> <span class='ocrx_word' id='word_1_124' title='bbox 751 1853 1024 1914; x_wconf 89' lang='lat' dir='ltr'><strong>fumosos</strong></span> <span class='ocrx_word' id='word_1_125' title='bbox 1066 1856 1300 1914; x_wconf 88' lang='lat' dir='ltr'><strong>veteris</strong></span> <span class='ocrx_word' id='word_1_126' title='bbox 1341 1855 1626 1933; x_wconf 88' lang='lat' dir='ltr'><strong>proferte</strong></span> <span class='ocrx_word' id='word_1_127' title='bbox 1669 1851 1973 1913; x_wconf 88' lang='lat' dir='ltr'><strong>Falernos</strong></span> 
     </span>
     <span class='ocr_line' id='line_1_21' title="bbox 426 1933 1741 1999; baseline -0.002 -2"><span class='ocrx_word' id='word_1_128' title='bbox 426 1936 712 1999; x_wconf 84' lang='lat' dir='ltr'><strong>Consulis</strong></span> <span class='ocrx_word' id='word_1_129' title='bbox 750 1941 816 1997; x_wconf 87' lang='lat' dir='ltr'><strong>et</strong></span> <span class='ocrx_word' id='word_1_130' title='bbox 858 1936 1016 1997; x_wconf 86' lang='lat' dir='ltr'><strong>chio</strong></span> <span class='ocrx_word' id='word_1_131' title='bbox 1060 1935 1281 1996; x_wconf 85' lang='lat' dir='ltr'><strong>solvite</strong></span> <span class='ocrx_word' id='word_1_132' title='bbox 1324 1933 1526 1996; x_wconf 86' lang='lat' dir='ltr'><strong>vincla</strong></span> <span class='ocrx_word' id='word_1_133' title='bbox 1570 1935 1741 1995; x_wconf 91' lang='lat' dir='ltr'><strong>cado.</strong></span> 
     </span>
     <span class='ocr_line' id='line_1_22' title="bbox 341 2016 1956 2082; baseline -0.002 0"><span class='ocrx_word' id='word_1_134' title='bbox 341 2020 501 2082; x_wconf 88' lang='lat' dir='ltr'><strong>Vina</strong></span> <span class='ocrx_word' id='word_1_135' title='bbox 546 2020 708 2082; x_wconf 87' lang='lat' dir='ltr'><strong>diem</strong></span> <span class='ocrx_word' id='word_1_136' title='bbox 752 2017 1106 2081; x_wconf 81' lang='lat' dir='ltr'><strong>celebrent:</strong></span> <span class='ocrx_word' id='word_1_137' title='bbox 1152 2038 1276 2079; x_wconf 91' lang='lat' dir='ltr'><strong>non</strong></span> <span class='ocrx_word' id='word_1_138' title='bbox 1317 2019 1480 2079; x_wconf 84' lang='lat' dir='ltr'><strong>festa</strong></span> <span class='ocrx_word' id='word_1_139' title='bbox 1519 2016 1662 2078; x_wconf 89' lang='lat' dir='ltr'><strong>luce</strong></span> <span class='ocrx_word' id='word_1_140' title='bbox 1704 2016 1956 2078; x_wconf 86' lang='lat' dir='ltr'><strong>madere</strong></span> 
     </span>
     <span class='ocr_line' id='line_1_23' title="bbox 421 2100 2350 2182; baseline 0.001 -19"><span class='ocrx_word' id='word_1_141' title='bbox 421 2104 537 2164; x_wconf 85' lang='lat' dir='ltr'><strong>Est</strong></span> <span class='ocrx_word' id='word_1_142' title='bbox 580 2107 804 2182; x_wconf 87' lang='lat' dir='ltr'><strong>rubor,</strong></span> <span class='ocrx_word' id='word_1_143' title='bbox 848 2110 1131 2166; x_wconf 85' lang='lat' dir='ltr'><strong>errantes</strong></span> <span class='ocrx_word' id='word_1_144' title='bbox 1174 2109 1240 2163; x_wconf 89' lang='lat' dir='ltr'><strong>et</strong></span> <span class='ocrx_word' id='word_1_145' title='bbox 1278 2100 1438 2162; x_wconf 87' lang='lat' dir='ltr'><strong>male</strong></span> <span class='ocrx_word' id='word_1_146' title='bbox 1481 2102 1655 2162; x_wconf 80' lang='lat' dir='ltr'><strong>ferre</strong></span> <span class='ocrx_word' id='word_1_147' title='bbox 1695 2100 1909 2181; x_wconf 91' lang='lat' dir='ltr'><strong>pedes.</strong></span> <span class='ocrx_word' id='word_1_148' title='bbox 2277 2116 2350 2169; x_wconf 84' lang='lat'><strong>30</strong></span> 
     </span>
     <span class='ocr_line' id='line_1_24' title="bbox 258 2183 2166 2266; baseline 0.001 -19"><span class='ocrx_word' id='word_1_149' title='bbox 258 2221 261 2224; x_wconf 58' lang='lat'><strong>&gt;</strong></span> <span class='ocrx_word' id='word_1_150' title='bbox 340 2186 469 2247; x_wconf 89' lang='lat' dir='ltr'><strong>Sed</strong></span> <span class='ocrx_word' id='word_1_151' title='bbox 510 2188 709 2248; x_wconf 74' lang='lat' dir='ltr'><strong>‘bene</strong></span> <span class='ocrx_word' id='word_1_152' title='bbox 747 2187 1117 2249; x_wconf 87' lang='lat' dir='ltr'><strong>Messalam’</strong></span> <span class='ocrx_word' id='word_1_153' title='bbox 1164 2206 1274 2247; x_wconf 83' lang='lat' dir='ltr'><strong>sua</strong></span> <span class='ocrx_word' id='word_1_154' title='bbox 1322 2186 1582 2264; x_wconf 86' lang='lat' dir='ltr'><strong>quisque</strong></span> <span class='ocrx_word' id='word_1_155' title='bbox 1626 2183 1704 2246; x_wconf 92' lang='lat' dir='ltr'><strong>ad</strong></span> <span class='ocrx_word' id='word_1_156' title='bbox 1740 2186 1962 2266; x_wconf 88' lang='lat' dir='ltr'><strong>pocula</strong></span> <span class='ocrx_word' id='word_1_157' title='bbox 2000 2186 2166 2249; x_wconf 82' lang='lat' dir='ltr'><strong>dicat</strong></span> 
     </span>
     <span class='ocr_line' id='line_1_25' title="bbox 334 2265 1881 2348; baseline -0.002 -17"><span class='ocrx_word' id='word_1_158' title='bbox 334 2265 363 2344; x_wconf 40' lang='lat'><strong>⁸,</strong></span> <span class='ocrx_word' id='word_1_159' title='bbox 421 2268 661 2331; x_wconf 86' lang='lat' dir='ltr'><strong>Nomen</strong></span> <span class='ocrx_word' id='word_1_160' title='bbox 699 2278 765 2332; x_wconf 91' lang='lat' dir='ltr'><strong>et</strong></span> <span class='ocrx_word' id='word_1_161' title='bbox 807 2273 1081 2332; x_wconf 87' lang='lat' dir='ltr'><strong>absentis</strong></span> <span class='ocrx_word' id='word_1_162' title='bbox 1126 2269 1366 2348; x_wconf 87' lang='lat' dir='ltr'><strong>singula</strong></span> <span class='ocrx_word' id='word_1_163' title='bbox 1408 2270 1596 2329; x_wconf 86' lang='lat' dir='ltr'><strong>verba</strong></span> <span class='ocrx_word' id='word_1_164' title='bbox 1639 2275 1881 2330; x_wconf 61' lang='lat' dir='ltr'><strong>sooent.</strong></span> 
     </span>
     <span class='ocr_line' id='line_1_26' title="bbox 340 2351 1934 2434; baseline -0.001 -17"><span class='ocrx_word' id='word_1_165' title='bbox 340 2355 562 2417; x_wconf 85' lang='lat' dir='ltr'><strong>Gentis</strong></span> <span class='ocrx_word' id='word_1_166' title='bbox 601 2355 947 2434; x_wconf 84' lang='lat' dir='ltr'><strong>Aquitanae</strong></span> <span class='ocrx_word' id='word_1_167' title='bbox 994 2353 1246 2414; x_wconf 88' lang='lat' dir='ltr'><strong>celeber</strong></span> <span class='ocrx_word' id='word_1_168' title='bbox 1285 2351 1561 2413; x_wconf 85' lang='lat' dir='ltr'><strong>Messala</strong></span> <span class='ocrx_word' id='word_1_169' title='bbox 1605 2353 1934 2434; x_wconf 85' lang='lat' dir='ltr'><strong>triumphis</strong></span> 
     </span>
     <span class='ocr_line' id='line_1_27' title="bbox 420 2435 2127 2518; baseline -0.001 -20"><span class='ocrx_word' id='word_1_170' title='bbox 420 2439 506 2498; x_wconf 83' lang='lat' dir='ltr'><strong>Et</strong></span> <span class='ocrx_word' id='word_1_171' title='bbox 546 2458 762 2518; x_wconf 87' lang='lat' dir='ltr'><strong>magna</strong></span> <span class='ocrx_word' id='word_1_172' title='bbox 803 2439 1067 2498; x_wconf 87' lang='lat' dir='ltr'><strong>intonsis</strong></span> <span class='ocrx_word' id='word_1_173' title='bbox 1109 2435 1310 2516; x_wconf 86' lang='lat' dir='ltr'><strong>gloria</strong></span> <span class='ocrx_word' id='word_1_174' title='bbox 1349 2437 1548 2497; x_wconf 84' lang='lat' dir='ltr'><strong>victor</strong></span> <span class='ocrx_word' id='word_1_175' title='bbox 1585 2438 1744 2516; x_wconf 83' lang='lat' dir='ltr'><strong>avis,</strong></span> <span class='ocrx_word' id='word_1_176' title='bbox 2112 2490 2127 2505; x_wconf 85' lang='grc'><em>,</em></span> 
     </span>
     <span class='ocr_line' id='line_1_28' title="bbox 335 2519 2345 2601; baseline 0 -19"><span class='ocrx_word' id='word_1_177' title='bbox 335 2523 474 2582; x_wconf 92' lang='lat' dir='ltr'><strong>Huc</strong></span> <span class='ocrx_word' id='word_1_178' title='bbox 510 2520 658 2581; x_wconf 89' lang='lat' dir='ltr'><strong>ades</strong></span> <span class='ocrx_word' id='word_1_179' title='bbox 701 2522 1026 2601; x_wconf 84' lang='lat' dir='ltr'><strong>aspiraque</strong></span> <span class='ocrx_word' id='word_1_180' title='bbox 1067 2522 1250 2598; x_wconf 87' lang='lat' dir='ltr'><strong>mihi,</strong></span> <span class='ocrx_word' id='word_1_181' title='bbox 1295 2519 1439 2581; x_wconf 90' lang='lat' dir='ltr'><strong>dum</strong></span> <span class='ocrx_word' id='word_1_182' title='bbox 1484 2523 1754 2582; x_wconf 89' lang='lat' dir='ltr'><strong>carmine</strong></span> <span class='ocrx_word' id='word_1_183' title='bbox 1796 2532 2010 2585; x_wconf 90' lang='lat' dir='ltr'><strong>nostro</strong></span> <span class='ocrx_word' id='word_1_184' title='bbox 2277 2532 2345 2584; x_wconf 82' lang='lat'><strong>35</strong></span> 
     </span>
     <span class='ocr_line' id='line_1_29' title="bbox 419 2602 1693 2683; baseline 0.002 -18"><span class='ocrx_word' id='word_1_185' title='bbox 419 2603 728 2665; x_wconf 81' lang='lat' dir='ltr'><strong>Redditur</strong></span> <span class='ocrx_word' id='word_1_186' title='bbox 775 2604 1064 2682; x_wconf 86' lang='lat' dir='ltr'><strong>agricolis</strong></span> <span class='ocrx_word' id='word_1_187' title='bbox 1107 2605 1304 2683; x_wconf 87' lang='lat' dir='ltr'><strong>gratia</strong></span> <span class='ocrx_word' id='word_1_188' title='bbox 1348 2602 1693 2668; x_wconf 90' lang='lat' dir='ltr'><strong>caelitibus.</strong></span> 
     </span>
     <span class='ocr_line' id='line_1_30' title="bbox 333 2688 1901 2769; baseline 0 -19"><span class='ocrx_word' id='word_1_189' title='bbox 333 2689 502 2750; x_wconf 85' lang='lat' dir='ltr'><strong>Rura</strong></span> <span class='ocrx_word' id='word_1_190' title='bbox 543 2707 691 2749; x_wconf 88' lang='lat' dir='ltr'><strong>cano</strong></span> <span class='ocrx_word' id='word_1_191' title='bbox 737 2690 1024 2766; x_wconf 89' lang='lat' dir='ltr'><strong>rurisque</strong></span> <span class='ocrx_word' id='word_1_192' title='bbox 1071 2688 1239 2749; x_wconf 88' lang='lat' dir='ltr'><strong>deos.</strong></span> <span class='ocrx_word' id='word_1_193' title='bbox 1285 2689 1383 2748; x_wconf 91' lang='lat' dir='ltr'><strong>his</strong></span> <span class='ocrx_word' id='word_1_194' title='bbox 1425 2689 1548 2748; x_wconf 89' lang='lat' dir='ltr'><strong>vita</strong></span> <span class='ocrx_word' id='word_1_195' title='bbox 1589 2690 1901 2769; x_wconf 84' lang='lat' dir='ltr'><strong>magistris</strong></span> 
     </span>
     <span class='ocr_line' id='line_1_31' title="bbox 418 2770 1833 2852; baseline 0.002 -21"><span class='ocrx_word' id='word_1_196' title='bbox 418 2772 712 2831; x_wconf 85' lang='lat' dir='ltr'><strong>Desuevit</strong></span> <span class='ocrx_word' id='word_1_197' title='bbox 754 2790 988 2850; x_wconf 88' lang='lat' dir='ltr'><strong>querna</strong></span> <span class='ocrx_word' id='word_1_198' title='bbox 1027 2770 1268 2852; x_wconf 89' lang='lat' dir='ltr'><strong>pellere</strong></span> <span class='ocrx_word' id='word_1_199' title='bbox 1313 2771 1535 2851; x_wconf 89' lang='lat' dir='ltr'><strong>glande</strong></span> <span class='ocrx_word' id='word_1_200' title='bbox 1576 2773 1833 2834; x_wconf 82' lang='lat' dir='ltr'><strong>famem:</strong></span> 
     </span>
     <span class='ocr_line' id='line_1_32' title="bbox 332 2852 2074 2935; baseline 0.003 -21"><span class='ocrx_word' id='word_1_201' title='bbox 332 2852 431 2914; x_wconf 90' lang='lat' dir='ltr'><strong>Illi</strong></span> <span class='ocrx_word' id='word_1_202' title='bbox 477 2856 832 2932; x_wconf 89' lang='lat' dir='ltr'><strong>compositis</strong></span> <span class='ocrx_word' id='word_1_203' title='bbox 873 2857 1139 2934; x_wconf 90' lang='lat' dir='ltr'><strong>primum</strong></span> <span class='ocrx_word' id='word_1_204' title='bbox 1185 2854 1456 2917; x_wconf 91' lang='lat' dir='ltr'><strong>docuere</strong></span> <span class='ocrx_word' id='word_1_205' title='bbox 1499 2855 1722 2935; x_wconf 86' lang='lat' dir='ltr'><strong>tigillis</strong></span> <span class='ocrx_word' id='word_1_206' title='bbox 2071 2917 2074 2920; x_wconf 87' lang='lat'>.</span> 
     </span>
     <span class='ocr_line' id='line_1_33' title="bbox 416 2936 2347 3020; baseline 0.004 -24"><span class='ocrx_word' id='word_1_207' title='bbox 416 2937 708 3014; x_wconf 84' lang='lat' dir='ltr'><strong>Exiguam</strong></span> <span class='ocrx_word' id='word_1_208' title='bbox 752 2938 936 2998; x_wconf 86' lang='lat' dir='ltr'><strong>viridi</strong></span> <span class='ocrx_word' id='word_1_209' title='bbox 977 2936 1204 2999; x_wconf 86' lang='lat' dir='ltr'><strong>fronde</strong></span> <span class='ocrx_word' id='word_1_210' title='bbox 1241 2941 1493 3020; x_wconf 89' lang='lat' dir='ltr'><strong>operire</strong></span> <span class='ocrx_word' id='word_1_211' title='bbox 1533 2940 1809 3016; x_wconf 91' lang='lat' dir='ltr'><strong>domum,</strong></span> <span class='ocrx_word' id='word_1_212' title='bbox 2223 2937 2228 2940; x_wconf 62' lang='grc'>’</span> <span class='ocrx_word' id='word_1_213' title='bbox 2277 2950 2347 3003; x_wconf 85' lang='lat'><strong>40</strong></span> 
     </span>
     <span class='ocr_line' id='line_1_34' title="bbox 331 3019 1802 3103; baseline 0.001 -22"><span class='ocrx_word' id='word_1_214' title='bbox 331 3019 433 3081; x_wconf 87' lang='lat' dir='ltr'><strong>Illi</strong></span> <span class='ocrx_word' id='word_1_215' title='bbox 477 3020 664 3079; x_wconf 90' lang='lat' dir='ltr'><strong>etiam</strong></span> <span class='ocrx_word' id='word_1_216' title='bbox 706 3027 916 3082; x_wconf 87' lang='lat' dir='ltr'><strong>tauros</strong></span> <span class='ocrx_word' id='word_1_217' title='bbox 959 3024 1144 3103; x_wconf 88' lang='lat' dir='ltr'><strong>primi</strong></span> <span class='ocrx_word' id='word_1_218' title='bbox 1187 3021 1472 3084; x_wconf 88' lang='lat' dir='ltr'><strong>docuisse</strong></span> <span class='ocrx_word' id='word_1_219' title='bbox 1514 3024 1802 3084; x_wconf 80' lang='lat' dir='ltr'><strong>feruntur</strong></span> 
     </span>
     <span class='ocr_line' id='line_1_35' title="bbox 418 3104 1868 3189; baseline 0.002 -27"><span class='ocrx_word' id='word_1_220' title='bbox 418 3104 751 3165; x_wconf 86' lang='lat' dir='ltr'><strong>Servitium</strong></span> <span class='ocrx_word' id='word_1_221' title='bbox 787 3113 853 3166; x_wconf 90' lang='lat' dir='ltr'><strong>et</strong></span> <span class='ocrx_word' id='word_1_222' title='bbox 888 3105 1164 3186; x_wconf 88' lang='lat' dir='ltr'><strong>plaustro</strong></span> <span class='ocrx_word' id='word_1_223' title='bbox 1210 3109 1605 3189; x_wconf 86' lang='lat' dir='ltr'><strong>supposuisse</strong></span> <span class='ocrx_word' id='word_1_224' title='bbox 1648 3113 1868 3172; x_wconf 83' lang='lat' dir='ltr'><strong>rotam.</strong></span> 
     </span>
     <span class='ocr_line' id='line_1_36' title="bbox 334 3185 1953 3270; baseline 0.001 -25"><span class='ocrx_word' id='word_1_225' title='bbox 334 3185 512 3246; x_wconf 89' lang='lat' dir='ltr'><strong>Tunc</strong></span> <span class='ocrx_word' id='word_1_226' title='bbox 554 3189 750 3250; x_wconf 82' lang='lat' dir='ltr'><strong>victus</strong></span> <span class='ocrx_word' id='word_1_227' title='bbox 795 3191 1006 3251; x_wconf 87' lang='lat' dir='ltr'><strong>abiere</strong></span> <span class='ocrx_word' id='word_1_228' title='bbox 1041 3191 1197 3267; x_wconf 89' lang='lat' dir='ltr'><strong>feri,</strong></span> <span class='ocrx_word' id='word_1_229' title='bbox 1241 3198 1391 3251; x_wconf 86' lang='lat' dir='ltr'><strong>tunc</strong></span> <span class='ocrx_word' id='word_1_230' title='bbox 1435 3191 1672 3250; x_wconf 82' lang='lat' dir='ltr'><strong>consita</strong></span> <span class='ocrx_word' id='word_1_231' title='bbox 1703 3207 1953 3270; x_wconf 87' lang='lat' dir='ltr'><strong>pomus,</strong></span> 
     </span>
     <span class='ocr_line' id='line_1_37' title="bbox 418 3270 1907 3354; baseline 0.001 -24"><span class='ocrx_word' id='word_1_232' title='bbox 418 3270 598 3333; x_wconf 90' lang='lat' dir='ltr'><strong>Tunc</strong></span> <span class='ocrx_word' id='word_1_233' title='bbox 637 3275 798 3334; x_wconf 89' lang='lat' dir='ltr'><strong>bibit</strong></span> <span class='ocrx_word' id='word_1_234' title='bbox 839 3275 1104 3354; x_wconf 87' lang='lat' dir='ltr'><strong>irriguas</strong></span> <span class='ocrx_word' id='word_1_235' title='bbox 1147 3272 1389 3333; x_wconf 86' lang='lat' dir='ltr'><strong>fertilis</strong></span> <span class='ocrx_word' id='word_1_236' title='bbox 1424 3275 1643 3333; x_wconf 91' lang='lat' dir='ltr'><strong>hortus</strong></span> <span class='ocrx_word' id='word_1_237' title='bbox 1688 3293 1907 3352; x_wconf 87' lang='lat' dir='ltr'><strong>aquas,</strong></span> 
     </span>
     <span class='ocr_line' id='line_1_38' title="bbox 330 3355 2344 3438; baseline 0 -25"><span class='ocrx_word' id='word_1_238' title='bbox 330 3355 539 3417; x_wconf 90' lang='lat' dir='ltr'><strong>Aurea</strong></span> <span class='ocrx_word' id='word_1_239' title='bbox 570 3362 718 3417; x_wconf 86' lang='lat' dir='ltr'><strong>tunc</strong></span> <span class='ocrx_word' id='word_1_240' title='bbox 758 3378 1011 3438; x_wconf 89' lang='lat' dir='ltr'><strong>pressos</strong></span> <span class='ocrx_word' id='word_1_241' title='bbox 1053 3356 1319 3438; x_wconf 84' lang='lat' dir='ltr'><strong>pedibus</strong></span> <span class='ocrx_word' id='word_1_242' title='bbox 1364 3355 1538 3415; x_wconf 85' lang='lat' dir='ltr'><strong>dedit</strong></span> <span class='ocrx_word' id='word_1_243' title='bbox 1580 3356 2008 3433; x_wconf 50' lang='lat' dir='ltr'><strong>uvassliquores</strong></span> <span class='ocrx_word' id='word_1_244' title='bbox 2274 3365 2344 3422; x_wconf 76' lang='lat'><strong>45</strong></span> 
     </span>
     <span class='ocr_line' id='line_1_39' title="bbox 419 3437 1923 3521; baseline -0.003 -21"><span class='ocrx_word' id='word_1_245' title='bbox 419 3440 739 3521; x_wconf 80' lang='lat' dir='ltr'><strong>Mixtaque</strong></span> <span class='ocrx_word' id='word_1_246' title='bbox 782 3461 1002 3505; x_wconf 90' lang='lat' dir='ltr'><strong>securo</strong></span> <span class='ocrx_word' id='word_1_247' title='bbox 1046 3447 1144 3503; x_wconf 86' lang='lat' dir='ltr'><strong>est</strong></span> <span class='ocrx_word' id='word_1_248' title='bbox 1186 3440 1395 3500; x_wconf 89' lang='lat' dir='ltr'><strong>sobria</strong></span> <span class='ocrx_word' id='word_1_249' title='bbox 1437 3437 1689 3518; x_wconf 79' lang='lat' dir='ltr'><strong>lympha</strong></span> <span class='ocrx_word' id='word_1_250' title='bbox 1730 3456 1923 3500; x_wconf 89' lang='lat' dir='ltr'><strong>mero.</strong></span> 
     </span>
    </p>
   </div>
  </div>
 </body>
</html>
