2578 3898
878 196 1169 259 TIBULLI
1211 198 1348 259 LIB.
1382 202 1426 259 Ι.
1459 210 1510 263 5.
1542 209 1595 264 6.
1761 146 1766 151 ι
2164 205 2240 265 13

233 362 462 427 Nescio
504 364 651 446 quid
690 366 953 427 furtivus
993 386 1164 428 amor
1205 376 1401 448 parat.
1447 376 1626 429 utere
1673 388 1935 449 quaeso,
2174 378 2242 433 ‘15

317 450 472 510 Dum
511 449 693 511 licet.
735 452 801 510 in
839 448 1080 531 liquida
1120 460 1228 514 nat
1271 455 1386 513 tibi
1423 453 1615 513 linter
1658 473 1828 533 aqua.

1165 669 1283 733 VI.

232 755 535 867 Semper,
574 794 645 847 ut
684 785 979 864 inducar,
1017 785 1278 848 blandos
1323 789 1516 849 offers
1557 790 1707 849 mihi
1746 789 1983 870 vultus,

315 872 463 932 Post
507 877 710 931 tamen
751 890 818 931 es
862 872 1089 931 misero
1133 873 1332 933 tristis
1371 881 1437 933 et
1478 892 1691 953 asper,
1733 876 1942 936 Amor.

230 955 392 1035 Quid
432 957 550 1015 tibi
593 957 885 1015 saevitiae
929 974 1167 1016 mecum
1214 957 1358 1016 est?
1402 976 1478 1016 an
1519 956 1716 1035 gloria
1758 977 1973 1037 magna
2010 968 2109 1021 est

312 1040 570 1100 Insidias
610 1041 844 1099 homini
889 1041 1304 1120 composuisse
1350 1040 1577 1100 deum?

229 1124 380 1184 Nam
426 1125 577 1184 mihi
617 1123 957 1183 tenduntur
997 1144 1228 1185 casses:
1272 1127 1392 1185 iam
1437 1123 1619 1185 Delia
1658 1125 1872 1185 furtim
2205 1138 2238 1190 5

190 1208 195 1213 ’
314 1209 539 1269 Nescio
589 1227 769 1287 quem
814 1210 999 1268 tacita
1043 1208 1267 1269 callida
1308 1217 1494 1270 nocte
1536 1211 1725 1270 fovet.

229 1292 342 1353 llla
386 1292 631 1372 quidem
676 1299 798 1352 tam
840 1290 1031 1353 multa
1074 1300 1293 1372 negat,
1349 1294 1462 1354 sed
1505 1293 1770 1355 credere
1808 1293 2025 1354 durum
2070 1303 2195 1356 est:

314 1378 417 1437 Sic
458 1378 643 1436 etiam
686 1377 766 1436 de
808 1395 907 1437 me
950 1385 1253 1456 pernegat
1289 1397 1485 1456 usque
1527 1381 1682 1439 viro.

230 1462 371 1542 lpse
417 1463 606 1520 miser
648 1461 866 1539 docui,
914 1481 1031 1539 quo
1073 1469 1288 1542 posset
1323 1461 1548 1522 ludere
1581 1469 1764 1543 pacto

317 1543 654 1605 Custodes:
698 1546 818 1605 heu
859 1547 980 1605 heu
1024 1566 1187 1606 nunc
1228 1565 1481 1628 premor
1525 1553 1660 1606 arte
1704 1565 1856 1605 mea.
2171 1558 2238 1608 10

229 1630 499 1706 Fingere
537 1636 683 1688 tunc
727 1628 947 1689 didicit
991 1650 1229 1707 causas,
1273 1638 1345 1689 ut
1384 1629 1515 1690 sola
1558 1632 1846 1706 cubaret,

315 1713 585 1773 Cardine
628 1719 775 1772 tunc
818 1715 1006 1773 tacito
1051 1721 1299 1773 vertere
1341 1731 1526 1793 posse
1570 1714 1771 1773 fores:

231 1797 409 1857 Tunc
454 1816 668 1856 succos
715 1797 1065 1876 herbasque
1110 1796 1289 1875 dedi,
1329 1799 1464 1876 quis
1507 1797 1667 1857 livor
1706 1797 1940 1877 abiret,

316 1882 511 1958 Quem
553 1881 704 1940 facit
747 1881 1050 1962 impresso
1088 1889 1297 1941 mutua
1345 1882 1533 1942 dente
1578 1882 1807 1944 Venus,

228 1966 314 2025 At
352 1976 454 2044 tu,
496 1964 734 2025 fallacis
779 1968 1041 2027 coniunx
1083 1968 1330 2027 incaute
1369 1966 1650 2047 puellae,
2168 1979 2233 2030 15

314 2050 423 2110 Me
467 2068 711 2128 quoque
757 2058 1034 2130 servato,
1073 2058 1297 2130 peccet
1335 2059 1405 2111 ut
1443 2050 1557 2111 illa
1598 2047 1775 2111 nihil.

229 2132 365 2192 Neu
406 2135 658 2193 iuvenes
704 2132 987 2194 celebret
1028 2135 1222 2194 multo
1267 2154 1588 2211 sermone,
1634 2141 1876 2211 caveto,

315 2217 486 2277 Neve
532 2219 720 2276 cubet
752 2217 889 2276 laxo
934 2225 1150 2296 pectus
1198 2227 1413 2302 aperta
1457 2220 1625 2294 sinu,

228 2302 365 2360 Neu
406 2307 472 2361 te
509 2300 778 2381 decipiat
820 2307 1002 2380 nutu,
1048 2297 1366 2381 digitoque
1407 2301 1717 2381 liquorem

314 2385 407 2444 Ne
449 2386 655 2444 trahat
691 2393 757 2444 et
797 2404 1045 2447 mensae
1088 2386 1271 2445 ducat
1308 2388 1374 2446 in
1419 2387 1570 2446 orbe
1615 2393 1808 2447 notas.
2167 2394 2237 2447 20

229 2469 442 2528 Exibit
486 2489 664 2547 quam
703 2488 922 2549 saepe,
964 2472 1151 2548 time,
1197 2490 1308 2530 seu
1347 2472 1550 2530 visere
1595 2470 1762 2530 dicet

316 2553 503 2612 Sacra
534 2554 741 2612 Bonae
784 2556 1049 2614 maribus
1088 2573 1214 2614 non
1257 2554 1538 2614 adeunda
1579 2553 1753 2615 deae.

229 2638 315 2696 At
357 2634 506 2696 mihi
551 2638 603 2697 si
647 2631 901 2716 credas,
943 2637 1112 2699 illam
1157 2657 1383 2716 sequar
1425 2658 1580 2698 unus
1625 2638 1701 2698 ad
1746 2659 1914 2698 aras·

315 2720 494 2780 Tunc
538 2722 688 2780 mihi
729 2740 855 2780 non
898 2721 1092 2781 oculis
1135 2724 1218 2781 sit
1257 2723 1538 2781 timuisse
1578 2723 1750 2780 meis.
2164 2781 2168 2785 ,

230 2803 467 2883 Saepe,
509 2802 682 2862 velut
722 2821 986 2880 gemmas
1031 2807 1163 2863 eius
1208 2806 1571 2881 signumque
1609 2803 1973 2883 probarem,
2032 2815 2035 2822 ⁴
2168 2812 2234 2865 25

315 2888 440 2948 Per
483 2906 723 2946 causam
767 2887 1015 2945 memini
1055 2904 1154 2945 me
1201 2888 1485 2963 tetigisse
1528 2905 1802 2946 manum.

229 2971 431 3051 Saepe
473 2989 646 3030 mero
686 2989 964 3029 somnum
1003 2970 1225 3050 peperi
1265 2971 1418 3049 tibi,
1463 2976 1525 3030 at
1564 2971 1698 3051 ipse
1742 2971 2027 3032 bibebam

316 3055 537 3115 Sobria
579 3051 895 3134 supposita
937 3054 1156 3133 pocula
1197 3055 1396 3114 victor
1438 3075 1611 3134 aqua.

229 3138 368 3198 Non
407 3157 521 3217 ego
565 3145 630 3197 te
672 3139 829 3198 laesi
870 3137 1175 3217 prudens·
1218 3139 1472 3217 ignosce
1513 3139 1757 3198 fatenti.

314 3224 495 3282 iussit
536 3224 759 3283 Amor:
802 3227 1017 3281 contra
1063 3223 1197 3301 quis
1238 3223 1404 3282 ferat
1440 3242 1606 3281 arma
1650 3220 1846 3280 deos?
2169 3230 2240 3283 30

231 3305 347 3367 llle
392 3325 507 3385 ego
554 3326 717 3383 sum,
760 3324 877 3365 nec
919 3325 1018 3365 me
1054 3308 1175 3366 iam
1218 3304 1429 3366 dicere
1467 3323 1614 3364 vera
1654 3303 1944 3384 pudebit,

315 3391 588 3450 Instabat
629 3397 762 3450 tota
801 3391 896 3450 cui
941 3397 1046 3449 tua
1089 3396 1273 3450 nocte
1318 3389 1502 3448 canis.

237 3472 404 3549 Quid
443 3481 663 3535 tenera
698 3475 814 3535 tibi
857 3475 1117 3552 coniuge
1160 3472 1361 3553 opus?
1402 3479 1509 3531 tua
1551 3472 1605 3531 si
1644 3473 1804 3533 bona
1846 3472 2050 3533 nescis
