2578 3898
875 211 1166 276 TlBULLl
1208 214 1345 276 LIB.
1382 213 1453 275 11.
1486 227 1536 279 1.

194 384 368 445 Rura
409 384 623 444 ferunt
662 400 931 461 messes,
976 381 1161 443 calidi
1204 403 1341 444 cum
1381 382 1605 444 sideris
1648 391 1823 444 aestu

283 469 555 548 Deponit
594 468 780 528 flavas
823 487 1023 528 annua
1065 474 1236 527 terra
1282 488 1502 528 comas.

195 551 368 613 Rure
411 550 568 611 levis
606 569 798 611 verno
841 552 1032 612 flores
1071 553 1201 631 apis
1236 553 1471 630 ingerit
1515 550 1725 629 alveo,

287 632 616 714 Compleat
656 641 726 694 ut
764 634 932 695 dulci
971 634 1187 696 sedula
1232 635 1420 695 melle
1463 636 1655 696 favos.

197 719 492 799 Agricola
532 718 777 778 assiduo
820 721 1084 798 primum
1126 721 1381 779 satiatus
1426 725 1632 779 aratro

285 804 568 864 Cantavit
611 807 785 862 certo
830 804 1061 862 rustica
1101 804 1289 863 verba
1329 803 1495 883 pede

195 889 282 951 Et
319 893 488 947 satur
526 888 727 947 arenti
769 887 1034 967 primum
1076 893 1172 946 est
1214 887 1557 947 modulatus
1600 903 1787 946 avena

285 973 584 1049 Carmen,
628 976 699 1030 ut
739 977 991 1030 ornatos
1035 969 1276 1033 diceret
1322 977 1464 1030 ante
1508 970 1694 1046 deos,

196 1054 489 1134 Agricola
531 1060 597 1113 et
638 1054 824 1114 minio
870 1056 1168 1133 suffusuS,
1214 1055 1490 1132 Bacche,
1534 1053 1782 1113 rubenti

283 1138 528 1198 Primus
569 1139 894 1218 inexperta
936 1138 1109 1197 duxit
1151 1140 1223 1198 ab
1269 1144 1403 1197 arte
1448 1139 1691 1197 choros.

198 1223 362 1283 Huic
408 1222 585 1283 datus
629 1242 664 1282 a
701 1220 928 1303 pleno,
967 1219 1371 1282 memorabile
1409 1241 1657 1297 munus,
1704 1218 1847 1280 ovili

281 1304 462 1366 *Dux
503 1308 752 1387 pecoris
793 1307 1003 1366 hircus
1047 1312 1301 1366 auxerat
1339 1307 1548 1365 hircus
1594 1322 1757 1364 oves.

162 1389 367 1451 ‘Rure
401 1408 559 1470 puer
595 1409 786 1450 verno
828 1391 1092 1470 primum
1136 1390 1215 1449 de
1259 1391 1416 1449 flore
1461 1408 1751 1449 coronam

283 1473 467 1534 Fecit
502 1480 569 1534 et
606 1474 875 1553 antiquis
916 1475 1209 1554 imposuit
1245 1474 1526 1533 Laribus.
1647 1480 1650 1483 ’

198 1557 370 1618 Rure
414 1557 599 1617 etiam
641 1558 878 1617 teneris
922 1576 1128 1617 curam
1167 1557 1516 1617 exhibitura
1556 1551 1787 1634 puellis

283 1639 481 1701 Molle
525 1642 690 1719 gerit
729 1647 908 1719 tergo
949 1638 1157 1700 lucida
1192 1639 1389 1700 vellus
1433 1641 1581 1700 ovis,

196 1726 363 1785 Hinc
403 1731 469 1785 et
509 1725 815 1784 femineus
847 1722 1027 1784 labor
1062 1730 1193 1802 est,
1234 1725 1381 1783 hinc
1423 1741 1617 1803 pensa
1658 1716 1988 1798 colusque,

281 1807 483 1868 Fusus
524 1814 591 1868 et
632 1808 910 1889 apposito
955 1805 1186 1887 pollice
1226 1813 1436 1867 versat
1477 1824 1662 1886 opus:

200 1894 408 1971 Atque
454 1890 657 1972 aliqua
700 1891 977 1953 assiduae
1021 1892 1250 1952 textrix
1295 1897 1549 1973 operata
1585 1888 1907 1952 Minervae

290 1977 542 2055 cantat,
589 1983 655 2037 et
698 1976 954 2058 appulso
996 1975 1128 2037 tela
1171 1984 1351 2037 sonat
1391 1975 1613 2035 latere.

198 2061 339 2141 lpse
385 2079 628 2139 quoque
673 2061 838 2120 inter
884 2080 1062 2139 agros
1101 2062 1393 2137 interque
1437 2062 1713 2119 armenta
1757 2053 1998 2135 Cupido

285 2143 479 2204 Natus
521 2151 586 2204 et
627 2143 955 2203 indomitas
1000 2144 1228 2204 dicitur
1270 2146 1439 2203 inter
1478 2161 1683 2221 equas.

198 2225 337 2288 Illic
374 2226 628 2287 indocto
670 2228 933 2307 primum
978 2245 1046 2286 se
1090 2228 1370 2288 exercuit
1411 2244 1589 2285 arcu:

284 2311 407 2371 Hei
451 2312 634 2390 mihi,
681 2317 859 2390 quani
900 2310 1110 2371 doctas
1153 2331 1317 2393 nunc
1359 2310 1549 2369 habet
1588 2302 1699 2367 ille
1741 2303 1983 2364 manus!

198 2394 331 2455 Nec
374 2395 682 2474 pecudes,
723 2395 892 2455 velut
936 2402 1114 2471 ante,
1154 2396 1347 2474 petit:
1389 2394 1597 2453 fixisse
1641 2389 1882 2472 puellas

288 2479 497 2539 Gestit
540 2485 608 2539 et
645 2478 905 2538 audaces
946 2479 1372 2560 perdomuisse
1414 2479 1597 2537 viros.

200 2561 323 2622 Hic
361 2562 568 2622 iuveni
614 2562 883 2623 detraxit
922 2582 1104 2642 opes,
1147 2564 1250 2623 hic
1295 2562 1508 2624 dicere
1552 2560 1733 2620 iussit

284 2644 505 2706 Limen
548 2644 626 2705 ad
666 2647 862 2706 iratae
904 2649 1092 2707 ve'rba
1130 2646 1421 2728 pudenda
1459 2663 1700 2705 senem:

200 2730 339 2790 Hoc
383 2728 539 2789 duce
584 2729 871 2790 custodes
904 2730 1117 2790 furtim
1159 2737 1545 2807 transgressa
1587 2728 1861 2787 iacentes

285 2811 386 2872 Ad
429 2814 712 2872 iuvenem
756 2814 1035 2872 tenebris
1081 2811 1211 2872 sola
1246 2810 1461 2892 puella
1501 2811 1672 2870 venit

201 2898 289 2957 Et
326 2896 592 2976 pedibus
632 2901 992 2976 praetentat
1029 2898 1154 2955 iter
1193 2913 1490 2974 suspensa
1530 2895 1790 2972 timore,

286 2978 588 3059 Explorat
628 2998 839 3040 caecas
876 2981 975 3039 cui
1017 2998 1229 3040 manus
1274 2985 1417 3039 ante
1460 2979 1605 3039 vias.

199 3064 302 3125 Ah
343 3064 588 3141 miseri,
632 3083 786 3142 quos
829 3063 931 3123 hic
974 3065 1243 3143 graviter
1291 3063 1442 3123 deus
1486 3062 1698 3140 urget!
1742 3069 1805 3123 at
1826 3059 1954 3121 -ille

285 3144 500 3224 Felix,
541 3147 638 3206 cui
678 3145 956 3226 placidus
999 3147 1233 3207 leniter
1275 3147 1448 3206 afflat
1490 3148 1699 3206 Amor.

204 3231 468 3307 Sancte,
510 3230 653 3289 veni
700 3229 955 3308 dapibus
997 3232 1212 3309 festis,
1257 3230 1371 3289 sed
1412 3247 1575 3309 pone
1621 3229 1872 3305 sagittas

287 3315 370 3375 Et
410 3311 631 3394 procul
677 3312 970 3373 ardentes
1012 3316 1157 3373 hinc
1198 3333 1426 3394 precor
1470 3310 1628 3371 abde
1669 3311 1857 3371 faces.

204 3399 334 3461 Vos
380 3396 693 3458 celebrem
739 3403 982 3457 cantate
1026 3397 1207 3457 deum
1246 3396 1587 3477 pecorique
1627 3402 1843 3455 vocate

294 3481 494 3543 Voce:
536 3478 738 3561 palam
775 3481 1024 3561 pecori,
1066 3480 1221 3541 clam
1262 3481 1383 3540 sibi
1426 3480 1686 3558 quisque
1723 3483 1921 3540 vocet.

2128 211 2209 272 25

2144 644 2213 695 50

2144 1060 2211 1112 55

2129 1476 2211 1537 „60

2140 1893 2209 1946 65

2142 2308 2210 2363 70

2144 2731 2209 2786 75
