2578 3898
367 182 443 242 16
1056 179 1347 242 TIBULLI
1382 183 1517 244 LIB.
1551 183 1596 245 1.
1630 194 1682 249 7.

363 344 569 424 Qualis
616 353 714 425 et,
758 352 1006 407 arentes
1049 367 1184 407 cum
1224 347 1410 410 findit
1447 351 1645 413 Sirius
1685 373 1895 435 agros,

443 429 703 490 Fertilis
744 432 975 491 aestiva
1014 431 1188 491 Nilus
1233 433 1504 495 abundet
1550 439 1749 516 aqua?

358 512 499 572 Nile
535 521 747 592 pater,
790 534 1047 593 quanam
1090 516 1321 594 possim
1364 523 1440 577 te*
1472 517 1687 581 dicere
1730 542 1910 583 causa

442 598 569 656 Aut
606 598 822 675 quibus
861 599 927 657 in
970 600 1158 657 terris
1203 599 1546 661 occuluisse
1590 607 1816 684 caput?

362 680 458 740 Te
500 688 759 760 propter
799 679 1007 741 nullos
1049 680 1235 741 tellus
1278 690 1383 743 tua
1425 686 1697 764 postulat
1736 691 1999 771 imbres,

445 763 637 823 Arida
677 783 793 824 nec
830 763 1046 824 Pluvio
1091 765 1398 845 supplicat
1435 771 1633 830 herba
1672 772 1815 833 Iovi.

360 847 456 911 Te
495 849 659 907 canit
697 854 882 927 atque
924 869 1098 908 suum
1135 852 1331 928 pubes
1374 854 1631 913 miratur
1675 856 1900 917 Osirim

444 932 749 1009 Barbara,
791 933 1182 1013 Memphiten
1225 932 1524 1012 plangere
1570 937 1752 998 docta
1788 941 2023 1005 bovem.

356 1014 595 1074 Primus
640 1023 842 1076 aratra
883 1036 1062 1076 manu
1105 1015 1351 1079 sollerti
1394 1020 1547 1080 fecit
1590 1022 1785 1083 Osiris

439 1099 524 1159 Et
564 1106 843 1160 teneram
886 1101 1058 1161 ferro
1101 1099 1460 1162 sollicitavit
1500 1106 1779 1185 humum,

356 1182 598 1242 Primus
638 1186 999 1263 inexpertae
1043 1187 1348 1246 commisit
1388 1189 1620 1247 semina
1658 1197 1868 1250 terrae

441 1266 752 1346 Pomaque
793 1287 918 1328 non
957 1270 1123 1329 notis
1163 1267 1318 1348 legit
1358 1270 1432 1329 ab
1472 1273 1811 1333 arboribus.

358 1349 479 1409 Hic
522 1349 732 1410 docuit
773 1358 1049 1413 teneram
1090 1352 1248 1432 palis
1293 1351 1627 1431 adiungere
1667 1357 1886 1436 vitem,

438 1434 560 1493 Hic
601 1434 863 1495 viridem
907 1435 1060 1497 dura
1099 1435 1361 1496 caedere
1401 1436 1565 1497 falce
1609 1459 1874 1500 comam:

356 1515 453 1576 Illi
493 1518 791 1607 iupundos
830 1521 1093 1599 primum
1137 1528 1373 1580 matura
1413 1540 1666 1600 sapores
1772 1559 1792 1567 ν

440 1603 747 1680 Expressa
785 1602 1037 1664 incultis
1081 1624 1192 1663 uva
1235 1602 1411 1663 dedit
1450 1603 1733 1685 pedibus.

356 1681 471 1744 llle
511 1683 718 1763 liquor
764 1685 974 1747 docuit
1014 1707 1196 1748 voces
1237 1689 1563 1749 inflectere
1604 1697 1816 1768 cantu,

438 1768 638 1828 Movit
677 1776 742 1829 et
784 1771 862 1830 ad
907 1778 1110 1830 certos
1152 1774 1362 1832 nescia
1401 1775 1675 1834 membra
1715 1773 1963 1852 modos,

356 1851 630 1912 Bacchus
674 1860 740 1913 et
784 1852 1091 1931 agricolae
1133 1873 1351 1930 magno
1397 1857 1681 1915 confecta
1720 1856 1936 1915 labore

438 1934 701 1997 Pectora
738 1937 1029 1996 tristitiae
1071 1934 1468 1996 dissoluenda
1512 1936 1701 1997 dedit.

353 2019 628 2081 Bacchus
667 2026 734 2081 et
773 2020 1019 2079 afflictis
1062 2020 1340 2095 requiem
1382 2020 1741 2079 mortalibus
1785 2020 2001 2099 affert,

441 2103 637 2163 Crura
677 2104 831 2163 licet
874 2103 1028 2163 dura
1071 2100 1368 2183 compede
1409 2101 1588 2182 pulsa
1628 2111 1866 2162 sonent.

352 2188 490 2248 Non
528 2190 640 2249 tibi
682 2194 825 2250 sunt
861 2192 1078 2250 tristes
1121 2205 1305 2248 curae
1347 2206 1463 2246 nec
1502 2184 1738 2263 luctus,
1782 2188 1977 2266 Osiri,

439 2273 565 2333 Sed
607 2275 829 2333 chorus
871 2279 938 2333 et
972 2280 1182 2331 cantus
1227 2278 1293 2331 et
1330 2269 1486 2329 levis
1529 2277 1704 2350 aptus
1749 2290 1948 2348 amor,

357 2357 483 2418 Sed
521 2359 670 2416 varii
710 2358 896 2416 flores
939 2361 1006 2414 et
1045 2354 1218 2413 frons
1263 2351 1552 2413 redimita
1596 2356 1933 2433 corymbis,

435 2442 597 2500 Fusa
640 2438 752 2499 sed
794 2438 870 2498 ad
912 2444 1162 2497 teneros
1200 2436 1371 2496 lutea
1410 2435 1574 2515 palla
1612 2436 1806 2515 pedes

353 2526 437 2584 Et
477 2523 706 2601 Tyriae
749 2526 951 2581 vestes
998 2527 1063 2579 et
1104 2519 1301 2579 dulcis
1344 2521 1496 2579 tibia
1536 2527 1721 2580 cantu

437 2608 520 2666 Et
561 2604 716 2664 levis
759 2602 1013 2663 occultis
1053 2604 1299 2662 conscia
1339 2605 1492 2663 cista
1534 2604 1743 2663 sacris.

353 2689 491 2749 Huc
534 2685 680 2748 ades
722 2686 800 2746 ad
841 2692 1085 2746 centum
1127 2685 1309 2746 ludos
1353 2687 1738 2766 Geniumque
1783 2686 2028 2746 choreis

439 2770 823 2831 Concelebra
867 2776 932 2830 et
969 2768 1161 2830 multo
1205 2776 1487 2850 tempora
1528 2770 1722 2829 funde
1761 2788 1965 2829 mero:

355 2853 527 2913 Illius
570 2861 635 2912 et
671 2853 871 2912 nitido
914 2853 1160 2913 stillent
1198 2859 1511 2933 unguenta
1549 2851 1813 2934 capillo,

439 2935 518 2995 Et
556 2938 757 3015 capite
801 2942 867 2996 et
908 2935 1070 2996 collo
1113 2937 1329 2997 mollia
1372 2943 1541 2997 serta
1581 2943 1773 3013 gerat.

357 3022 461 3081 Sic
501 3021 709 3080 venias
751 3018 1084 3079 hodierne:
1127 3022 1244 3080 tibi
1282 3020 1423 3079 dem
1466 3022 1623 3078 turis
1664 3019 1964 3095 honores,

438 3104 592 3163 Liba
630 3110 696 3164 et
735 3104 1063 3184 Mopsopio
1107 3102 1311 3164 dulcia
1351 3099 1541 3161 melle
1585 3103 1800 3162 feram.

357 3189 441 3247 At
480 3188 597 3248 tibi
637 3195 986 3265 succrescat
1025 3187 1259 3267 proles,
1301 3204 1456 3268 quae
1497 3186 1664 3245 facta
1702 3186 1978 3264 parentis

443 3272 681 3351 Augeat
724 3279 790 3333 et
830 3274 994 3333 circa
1035 3278 1161 3332 stet
1199 3268 1549 3331 veneranda
1588 3267 1819 3329 senem.
1885 3317 1888 3320 .

356 3355 487 3416 Nec
531 3362 734 3418 taceat
771 3363 1164 3417 monumenta
1202 3356 1337 3415 viae
1355 3397 1375 3433 ,
1422 3372 1602 3431 quem
1646 3348 1919 3413 Tuscula
1957 3348 2149 3412 tellus

418 3439 843 3521 'Candidaque
886 3441 1135 3521 antiquo
1175 3438 1416 3500 detinet
1456 3436 1618 3500 Alba
1660 3437 1838 3497 Lare.

2293 707 2363 760 25

2285 1540 2356 1593 35

2279 1951 2352 2004 40

2280 2365 2350 2418 45

2194 3194 2354 3249 -55
