2578 3898
971 165 1288 248 ⁴1‘1131111111
1326 166 1464 231 Lm.
1493 165 1537 230 1.
1574 179 1625 231 5.
2239 162 2308 219 11

1273 382 1355 447 V.

314 465 523 574 Asper
564 513 734 557 eram
779 502 845 556 et
888 497 1050 575 bene
1095 495 1420 558 discidium
1467 516 1565 557 me
1607 497 1780 558 ferre
1823 496 2154 579 loquebar:

391 579 476 638 At
511 580 661 639 mihi
704 599 869 639 nunc
909 580 1093 658 longe
1128 580 1329 659 gloria
1369 582 1787 642 fortis-abest.

308 661 578 739 Namque
623 681 803 742 agor,
849 669 918 723 ut
956 683 1073 743 per
1109 664 1291 745 plana
1333 666 1491 725 citus
1529 662 1663 724 sola
1706 667 1969 727 verbere
2011 666 2269 741 turben,

392 747 590 821 Quem
632 745 807 806 celer
850 754 1095 807 assueta
1128 756 1337 809 versat
1378 750 1453 809 ab
1497 754 1633 808 arte
1673 767 1848 829 puer.

308 830 434 889 Ure
479 830 682 890 ferum
725 836 792 891 et
833 837 1091 909 torque,
1132 829 1326 892 libeat
1367 850 1449 893 ne
1488 831 1700 892 dicere
1741 834 2064 913 quicquam
2274 844 2307 893 5

387 913 783 992 Magnificum
826 921 972 995 post
1013 915 1199 974 haec:
1239 914 1495 975 horrida
1536 917 1724 975 verba
1768 915 1964 978 doma.

307 996 498 1057 Parce
544 1004 781 1075 tamen,
821 1015 940 1078 per
977 1005 1042 1058 te
1083 999 1301 1059 furtivi
1343 998 1604 1058 foedera
1642 999 1829 1078 lecti,
2311 982 2326 1068 ἶ

385 1081 510 1140 Per
550 1081 864 1143 Venerem
911 1100 1139 1160 quaeso
1183 1083 1710 1162 compositumque
1754 1090 1951 1164 caput.

303 1161 416 1225 [lle
456 1181 606 1243 ego,
645 1184 781 1226 cum
824 1167 990 1229 tristi
1030 1167 1245 1227 morbo
1292 1165 1537 1226 defessa
1583 1168 1857 1245 iaceres,

387 1248 483 1309 'l'e
527 1248 703 1308 dicor
728 1251 904 1309 votis
947 1250 1250 1330 eripuisse
1293 1251 1480 1328 meis,
2239 1260 2302 1310 10

304 1333 562 1412 ipseque
605 1338 671 1392 te
717 1334 949 1393 circum
989 1332 1248 1395 lustravi
1291 1331 1531 1396 sulfure
1573 1353 1761 1413 puro,

385 1416 672 1477 Carmine
710 1436 846 1476 cum
888 1418 1123 1495 magico
1162 1418 1617 1498 praecinuisset
1658 1436 1834 1477 anus:

296 1499 436 1581 Ipse
477 1501 803 1579 procuravi
843 1519 924 1560 ne
966 1506 1221 1580 possent
1265 1519 1445 1561 saeva
1485 1519 1716 1561 nocere

382 1583 660 1661 Somnia,
702 1588 804 1643 ter
845 1591 1054 1643 sancta
1096 1583 1528 1647 deveneranda
1565 1583 1757 1643 mola:

294 1666 434 1748 Ipse
478 1685 593 1745 ego
638 1665 874 1738 velatus
914 1665 1020 1726 filo
1064 1669 1414 1746 tunicisque
1456 1664 1672 1727 solutis
2235 1676 2299 1728 15

379 1752 541 1814 Vota
582 1768 801 1810 novem
845 1750 1094 1810 Triviae
1135 1757 1321 1810 nocte
1363 1749 1589 1811 silente
1633 1747 1794 1809 dedi.

296 1834 514 1896 Omnia
552 1833 859 1914 persolvi:
901 1834 1131 1893 fruitur
1173 1853 1336 1895 nunc
1374 1833 1534 1894 alter
1575 1853 1814 1912 amore,

374 1920 463 1980 Et
500 1919 792 1999 precibus
835 1916 991 1979 felix
1033 1919 1229 1980 utitur
1269 1916 1385 1979 ille
1428 1919 1603 1979 meis.

293 2005 379 2065 At
421 2004 571 2063 mihi
613 2002 862 2064 felicem
902 2005 1122 2081 vitam,
1165 2005 1218 2063 si
1260 2003 1424 2063 salva
1466 2003 1722 2082 fuisseS‚

377 2088 715 2165 Fingebam
761 2086 1047 2164 demens,
1090 2086 1204 2146 sed
1246 2094 1550 2147 renuente
1595 2086 1733 2146 deo.
2227 2096 2295 2146 20

294 2172 459 2232 Rura
502 2169 732 2249 colam,
774 2171 1140 2250 frugumque
1187 2169 1391 2231 aderit
1430 2190 1569 2231 mea
1609 2168 1786 2230 Delia
1822 2175 2062 2247 custos,

378 2256 543 2316 Area
583 2254 724 2314 dum
768 2274 1003 2316 messes
1049 2256 1180 2315 sole
1225 2253 1470 2315 calente
1511 2260 1716 2333 teret,

296 2341 420 2400 Aut
463 2341 614 2399 mihi
657 2341 926 2399 servabit
967 2338 1172 2420 plenis
1213 2340 1281 2400 in
1316 2338 1607 2400 lintribus
1647 2357 1792 2400 uvas

377 2423 723 2501 Pressaque
755 2422 958 2485 veloci
1000 2422 1260 2485 candida
1301 2429 1499 2488 musta
1537 2421 1734 2505 pede,

297 2505 677 2568 Consuescet
715 2526 1041 2570 numerare
1083 2527 1307 2588 pecus,
1354 2513 1717 2568 consuescet
1758 2506 2013 2567 amantis
2225 2514 2290 2566 25

377 2591 676 2652 Garrulus
717 2592 783 2650 in
825 2592 1106 2654 dominae
1145 2592 1366 2654 ludere
1410 2611 1598 2651 verna
1637 2593 1793 2651 sinu.

292 2673 406 2735 Illa
450 2674 567 2734 deo
613 2677 770 2734 sciet
807 2676 1115 2753 agricolae
1159 2696 1274 2755 pro
1319 2677 1545 2735 vitibus
1582 2693 1789 2749 uvam,

374 2759 497 2819 Pro
540 2764 754 2834 segete
800 2760 1034 2836 spicas,
1071 2779 1187 2838 pro
1231 2776 1420 2835 grege
1464 2758 1636 2817 ferre
1682 2756 1916 2836 dapem.

295 2840 403 2903 Illa
446 2848 625 2919 regat
666 2848 952 2917 cunctos,
997 2839 1093 2900 illi
1136 2841 1263 2901 sint
1301 2841 1501 2899 omnia
1542 2858 1755 2900 curae:

377 2927 460 2986 At
501 2928 670 2985 iuvet
710 2926 775 2983 in
822 2930 955 2984 tota
995 2943 1094 2985 me
1138 2922 1295 2983 nihil
1336 2943 1476 2984 esse
1520 2922 1722 2987 dom0.
2223 2936 2291 2987 30

295 3010 429 3070 Huc
472 3010 682 3070 veniet
721 3006 993 3069 Messala
1035 3026 1237 3086 meus,
1284 3009 1384 3068 cui
1428 3007 1632 3069 dulcia
1671 3028 1852 3089 poma

376 3092 557 3153 Delia
599 3090 854 3152 selectis
897 3091 1184 3153 detrahat
1221 3093 1574 3153 arboribus:

294 3180 373 3239 Et
414 3183 649 3238 tantum
692 3181 986 3237 venerata
1025 3178 1253 3254 virum,
1292 3176 1457 3236 hunc
1499 3173 1718 3237 sedula
1757 3182 1965 3254 curet,

375 3263 536 3322 Huic
578 3266 760 3340 paret
802 3265 986 3338 atque
1032 3259 1244 3341 epulas
1287 3261 1421 3339 ipsa
1464 3260 1743 3318 ministra
1778 3270 1972 3337 gerat.

294 3346 462 3406 Haec
495 3345 646 3406 mihi
682 3344 1018 3423 fingebam,
1067 3363 1222 3425 quae
1263 3363 1429 3403 nunc
1470 3344 1795 3422 Eurusque
1835 3344 2154 3424 Notusque
2222 3351 2290 3405 35

373 3429 566 3490 Iactat
605 3427 894 3492 odoratos
935 3434 1078 3490 vota
1119 3447 1237 3510 per
1277 3428 1625 3493 Armenios.
