2578 3898
303 188 379 251 12
990 187 1278 250 TIBULLl
1322 186 1455 248 LlB.
1489 187 1534 249 Ι.
1564 198 1617 250 5.

300 355 500 437 Saepe
538 375 654 436 ego
699 359 930 418 tentavi
971 377 1147 416 curas
1187 355 1511 435 depellere
1553 358 1727 416 vino:

382 442 467 500 At
509 440 689 502 dolor
729 443 794 500 in
837 439 1122 501 lacrimas
1164 445 1444 501 verterat
1487 459 1666 501 omne
1707 457 1962 500 merum.

296 523 498 605 Saepe
544 524 721 585 aliam
763 526 964 585 tenui:
1012 522 1125 584 sed
1163 525 1282 582 iam
1330 543 1466 583 cum
1509 524 1726 602 gaudia
1767 523 2034 604 adirem,

380 606 717 668 Admonuit
760 609 1050 667 dominae
1085 606 1485 686 deseruitque
1520 608 1753 670 Venus.
2228 617 2303 672 40

297 690 474 753 Tunc
517 711 613 752 me
657 690 984 751 discedens
1020 690 1307 752 devotum
1349 691 1580 752 femina
1622 691 1808 769 dixit,
1855 702 1860 706 ’

378 777 461 836 Et
501 775 696 855 pudet
736 783 802 835 et
837 781 1049 835 narrat
1088 777 1249 835 scire
1291 775 1561 835 nefanda
1596 794 1812 836 meam.

293 859 430 918 Non
472 860 622 919 facit
662 861 781 919 hoc
825 861 1063 937 verbis,
1106 860 1266 918 facie
1308 861 1670 937 tenerisque
1701 858 1956 919 lacertis

380 943 652 1003 Devovet
696 949 764 1003 et
803 944 975 1003 flavis
1018 949 1231 1002 nostra
1272 941 1481 1021 puella
1526 945 1733 1003 comis.

292 1023 468 1087 Talis
510 1025 587 1086 ad
630 1028 1035 1086 Haemonium
1076 1027 1298 1087 Nereis
1339 1026 1534 1086 Pelea
1578 1025 1883 1106 quondam
2228 1040 2298 1093 45

373 1111 572 1173 Vecta
618 1117 714 1171 est
753 1111 1036 1173 fraenato
1083 1109 1331 1170 caerula
1372 1112 1545 1190 pisce
1590 1111 1833 1170 Thetis.

291 1194 463 1253 Haec
505 1213 778 1254 nocuere
823 1196 1007 1272 mihi,
1054 1193 1217 1273 quod
1259 1192 1437 1254 adest
1478 1195 1623 1254 huic
1666 1193 1839 1254 dives
1881 1205 2141 1257 amator:

374 1278 568 1340 Venit
610 1279 675 1336 in
717 1279 968 1338 exitium
1012 1277 1237 1338 callida
1278 1277 1422 1338 lena
1464 1297 1686 1341 meum.
1861 1290 1870 1299 ’

295 1359 670 1439 Sanguineas
719 1361 864 1421 edat
902 1361 1013 1423 illa
1055 1361 1245 1442 dapes
1289 1368 1475 1441 atque
1521 1382 1632 1423 ore
1673 1369 1932 1423 cruento
2025 1427 2030 1432 ,

379 1444 616 1505 Tristia
662 1466 797 1506 cum
840 1445 1030 1506 multo
1070 1446 1294 1526 pocula
1334 1446 1489 1506 felle
1530 1448 1733 1506 bibat:
2224 1459 2295 1509 50

289 1530 466 1588 Hanc
511 1527 772 1589 volitent
812 1531 1046 1589 animae
1092 1532 1320 1591 circum
1357 1551 1463 1590 sua
1506 1531 1631 1589 fata
1676 1535 2010 1607 querentes
2067 1542 2070 1545 ’

378 1613 672 1692 Semper,
718 1620 784 1673 et
821 1632 856 1673 e
900 1616 1081 1674 tectis
1125 1617 1278 1675 strix
1319 1612 1591 1673 violenta
1636 1620 1841 1672 canat:

289 1696 426 1776 Ipsa
460 1697 623 1756 fame
667 1695 1022 1757 stimulante
1064 1698 1282 1758 furens
1325 1699 1675 1776 herbasque
1720 1695 2024 1777 sepulcris

377 1781 645 1854 Quaerat
687 1788 752 1841 et
795 1803 829 1840 a
867 1783 1060 1841 saevis
1104 1801 1241 1842 ossa
1276 1781 1499 1841 relicta
1540 1781 1734 1860 lupis,

297 1864 523 1924 Currat
566 1870 632 1925 et
671 1866 1023 1943 inguinibus
1064 1866 1244 1924 nudis
1284 1863 1607 1942 ululetque
1644 1883 1761 1943 per
1799 1863 2021 1939 urbes,
2224 1875 2291 1927 55

381 1947 531 2008 Post
574 1955 713 2028 agat
756 1969 792 2009 e
831 1952 1031 2011 triviis
1074 1968 1293 2029 aspera
1334 1949 1514 2008 turba
1558 1967 1793 2006 canum.

289 2032 628 2094 Evenient:
673 2032 778 2093 dat
815 2037 988 2113 signa
1031 2032 1216 2093 deus:
1260 2039 1402 2091 sunt
1444 2032 1690 2090 numina
1733 2032 1991 2107 amanti,

376 2116 585 2177 Saevit
627 2122 693 2177 et
734 2120 963 2179 iniusta
1003 2117 1148 2195 lege
1186 2114 1409 2176 relicta
1446 2116 1678 2178 Venus.

288 2201 372 2259 At
413 2205 482 2259 tu
525 2220 700 2280 quam
738 2203 1002 2281 primum
1043 2219 1222 2278 sagae
1264 2204 1599 2280 praecepta
1638 2200 1878 2277 rapacis

373 2284 643 2344 Desere:
687 2306 826 2345 nam
873 2285 1049 2344 donis
1089 2286 1356 2343 vincitur
1399 2284 1594 2341 omnis
1639 2301 1825 2342 amor.
2222 2292 2291 2345 60

292 2366 538 2446 Pauper
575 2370 697 2429 erit
736 2373 1024 2449 praesto,
1067 2367 1185 2425 tibi
1225 2373 1476 2446 praesto
1519 2383 1755 2445 pauper
1798 2363 1993 2425 adibit

372 2451 615 2512 Primus
658 2459 724 2511 et
763 2453 828 2511 in
867 2458 1087 2510 tenero
1129 2450 1284 2510 fixus
1328 2452 1452 2510 erit
1490 2450 1726 2527 latere,

288 2534 532 2615 Pauper
574 2537 638 2595 in
682 2541 935 2611 angusto
971 2531 1130 2592 fidus
1174 2553 1381 2593 comes
1427 2536 1664 2612 agmine
1706 2534 1925 2593 turbae

376 2618 799 2696 Subiicietque
844 2634 1054 2675 manus
1099 2617 1460 2696 efficietque
1502 2620 1690 2694 viam,

287 2702 532 2781 Pauper
575 2701 653 2761 ad
695 2698 969 2760 occultos
1012 2700 1226 2760 furtim
1272 2700 1542 2762 deducet
1585 2703 1811 2761 amicos
2219 2709 2288 2763 65

371 2785 715 2863 Vinclaque
756 2782 833 2842 de
871 2784 1051 2843 niveo
1099 2784 1390 2847 detrahet
1431 2783 1793 2866 ipse‘pede.

285 2868 428 2928 Heu
470 2870 737 2929 canimus
777 2865 1042 2945 frustra,
1086 2889 1203 2930 nec
1242 2872 1448 2931 verbis
1487 2872 1648 2930 victa
1688 2868 1954 2948 patescit

369 2954 553 3012 Ianua
579 2993 598 3029 ‚
643 2949 755 3008 sed
796 2948 987 3028 plena
1027 2959 1127 3012 est
1166 2953 1573 3033 percutienda
1613 2970 1813 3012 manu.

286 3037 373 3096 At
412 3042 511 3111 tu,
556 3034 661 3112 qui
696 3034 905 3114 potior
945 3053 1109 3095 nunc
1153 3055 1254 3115 es,
1299 3055 1436 3097 mea
1477 3038 1606 3096 fata
1648 3037 1898 3095 timeto:

376 3120 678 3179 Versatur
716 3114 914 3177 celeri
956 3117 1118 3179 Fors
1156 3120 1313 3181 levis
1361 3123 1512 3180 orbe
1550 3126 1743 3179 rotae.
2222 3128 2289 3182 70

284 3201 421 3262 Nou
464 3201 700 3260 frustra
743 3201 988 3283 quidam
1026 3203 1146 3263 iam
1186 3225 1351 3264 nunc
1392 3205 1458 3264 in
1495 3202 1709 3282 liminge
1753 3207 1994 3282 perstat

371 3283 637 3345 Sedulus
678 3305 748 3346 ac
786 3288 1017 3347 crebro
1056 3290 1361 3369 prospicit
1404 3308 1472 3347 ae
1508 3289 1773 3365 refugit,

283 3368 368 3428 Et
412 3367 662 3429 simulat
700 3371 969 3430 transire
1014 3370 1295 3451 domum,
1338 3392 1478 3432 mox
1521 3370 1747 3431 deinde
1790 3369 2062 3429 recurrit

370 3451 554 3513 Solus
589 3460 657 3513 et
699 3461 841 3515 ante
879 3455 1044 3534 ipsas
1088 3463 1341 3519 excreat
1383 3473 1579 3536 usque
1619 3454 1809 3515 fores.
