2578 3898
383 454 793 602 ‘ALBII
864 484 1454 586 TIBULLI
1528 483 2333 620 (LYGDAMI)

994 681 1271 746 LIBER
1316 679 1728 747 TERTIUS.

1334 970 1389 1033 Ι.

359 1050 588 1144 Martis
631 1083 888 1145 Romani
930 1085 1128 1149 festae
1171 1106 1402 1148 venere
1443 1086 1743 1150 kalendae

445 1168 778 1247 (Exoriens
821 1170 1051 1230 nostris
1093 1171 1196 1231 hic
1237 1172 1360 1231 fuit
1398 1192 1588 1233 annus
1633 1171 1822 1248 avis),

358 1255 443 1316 Et
484 1270 631 1328 vaga
673 1271 835 1311 nunc
875 1261 1046 1313 certa
1087 1253 1442 1314 discurrunt
1483 1254 1755 1333 undique
1798 1272 2022 1334 pompa

441 1335 689 1412 Berque
722 1337 850 1396 vias
892 1338 1064 1397 urbis
1108 1356 1362 1397 munera
1405 1356 1643 1417 perque
1687 1335 1936 1397 domost

361 1419 600 1496 Dicite,
645 1417 965 1497 Pierides,
1011 1441 1271 1498 quonam
1316 1419 1579 1481 donetur
1622 1423 1860 1482 honore
2328 1429 2362 1480 5

446 1503 570 1562 Seu
612 1521 779 1581 mea,
823 1522 934 1564 seu
973 1503 1195 1582 fallor,
1239 1524 1379 1565 cara
1418 1506 1658 1565 Neaera
1699 1512 1922 1566 tamen.

362 1586 650 1648 Carmine
686 1586 1030 1665 formosae,
1072 1589 1277 1667 pretio
1325 1589 1649 1667 capiuntur
1683 1606 1930 1647 avarae:

447 1669 761 1749 Gaudeat,
801 1677 870 1730 ut
909 1671 1090 1749 digna
1133 1677 1262 1749 est,
1304 1673 1581 1733 versibus
1624 1669 1737 1731 illa
1775 1671 1949 1731 mein.

359 1755 555 1814 Lutea
590 1753 702 1814 sed
741 1755 984 1813 niveum
1027 1755 1296 1814 involvat
1332 1758 1682 1816 membrana
1716 1753 2028 1833 libellum,

446 1837 726 1897 Pumicet
769 1843 833 1895 et
878 1856 1056 1897 canas
1098 1837 1355 1898 tondeat
1399 1845 1541 1898 ante
1584 1856 1784 1897 comas
2298 1847 2368 1898 10

363 1920 728 2000 Summaque
769 1925 1089 1998 praetexat
1131 1921 1336 1979 tenuis
1378 1919 1621 1996 fastigia
1663 1920 1939 1994 chartae,

449 2003 687 2069 Indicet
725 2008 795 2061 ut
833 2019 1054 2061 nomen
1096 2001 1313 2060 littera
1352 2001 1549 2078 facta,
1591 2007 1800 2077 tuum,

363 2092 570 2166 Atque
612 2089 779 2147 inter
824 2085 1095 2163 geminas
1137 2085 1466 2164 pingantur
1510 2102 1738 2143 cornua
1779 2083 2053 2145 frontem

450 2173 553 2232 Sic
592 2170 820 2231 etenim
863 2175 1166 2248 comptum
1211 2169 1462 2228 mittere
1508 2173 1761 2247 oportet
1802 2187 1971 2246 opus·

362 2257 487 2316 Per
530 2274 671 2331 vos,
696 2258 997 2312 auctores
1034 2253 1213 2312 huius
1257 2252 1407 2310 mihi
1452 2252 1766 2329 carminis,
1812 2270 1921 2311 oro
2301 2258 2367 2310 15

454 2337 902 2414 Castaliamque
945 2337 1217 2395 umbram
1263 2334 1629 2412 Pieriosque
1663 2332 1868 2411 lacae,

364 2424 455 2483 Ite
501 2421 744 2480 domum
788 2417 1140 2497 cultumque
1179 2417 1274 2478 illi
1320 2417 1542 2478 donate
1584 2415 1896 2495 libellum,
1927 2455 1928 2460 κ

451 2505 625 2564 Sicut
663 2502 814 2562 erit:
859 2500 1064 2561 nullus
1109 2501 1341 2561 defluat
1381 2500 1526 2561 inde
1572 2498 1765 2560 color.

364 2588 478 2650 Illa
519 2586 669 2645 mihi
710 2583 983 2662 referet,
1026 2586 1078 2644 si
1120 2586 1321 2645 nostri
1360 2590 1569 2644 mutua
1612 2603 1757 2643 cura
1798 2589 1897 2643 est

400 2682 419 2734 ⁶,
448 2672 547 2730 An
588 2669 821 2745 minor,
864 2688 942 2726 an
984 2675 1117 2728 toto
1157 2675 1417 2749 pectore
1460 2659 1819 2727 deciderim.
2191 2665 2200 2670 ’
2300 2672 2373 2726 20

367 2751 493 2815 Sed
533 2752 798 2831 primum
837 2752 1117 2812 meritam
1157 2752 1330 2829 larga
1373 2750 1596 2811 donate
1638 2748 1837 2809 salute

450 2837 658 2913 Atque
703 2835 856 2895 haec
901 2837 1201 2896 submisso
1247 2836 1438 2895 dicite
1479 2835 1668 2895 verba
1712 2851 1882 2893 sono.

371 2920 582 2980 ‘Haec
626 2918 742 2978 tibi
787 2919 881 2977 vir
927 2919 1266 2997 quondam,
1309 2938 1471 2978 nunc
1512 2918 1745 2993 frater,
1789 2920 1953 2975 casta
1993 2912 2268 2989 Neaera,

449 3002 652 3064 Mittit
694 3007 759 3061 et
796 3001 1060 3080 accipias
1103 3021 1361 3061 munera
1393 3019 1580 3080 parva
1620 3004 1831 3075 rogat,
2045 3053 2052 3054 ff

375 3086 598 3163 Teque
642 3085 767 3145 suis
809 3085 970 3142 iurat
1014 3103 1215 3166 caram
1256 3085 1449 3160 magis
1493 3099 1631 3140 esse
1673 3077 1996 3158 medulliS,
2300 3089 2371 3141 25

454 3169 596 3230 Sive
641 3168 759 3229 sibi
803 3168 1064 3227 coniunx
1108 3168 1235 3227 sive
1276 3166 1486 3224 futura
1524 3182 1718 3223 soror.

372 3253 503 3314 Sed
546 3254 752 3332 potius
799 3251 1090 3311 coniunx:
1129 3251 1311 3310 huius
1355 3266 1526 3329 spem
1568 3247 1833 3308 nominis
1875 3244 1972 3307 illi

457 3336 721 3398 Auferet
759 3336 1030 3395 extincto
1073 3332 1306 3413 pallida
1345 3333 1507 3392 Ditis
1553 3333 1750 3409 aqua?
