<?xml version="1.0" encoding="UTF-8"?>
<!DOCTYPE html PUBLIC "-//W3C//DTD XHTML 1.0 Transitional//EN"
    "http://www.w3.org/TR/xhtml1/DTD/xhtml1-transitional.dtd">
<html xmlns="http://www.w3.org/1999/xhtml" xml:lang="en" lang="en">
 <head>
  <title>
</title>
<meta http-equiv="Content-Type" content="text/html;charset=utf-8" />
  <meta name='ocr-system' content='tesseract 3.04.00' />
  <meta name='ocr-capabilities' content='ocr_page ocr_carea ocr_par ocr_line ocrx_word'/>
</head>
<body>
  <div class='ocr_page' id='page_1' title='image "./libriquattuorre00tibugoog_0043.png"; bbox 0 0 2578 3898; ppageno 0'>
   <div class='ocr_carea' id='block_1_1' title="bbox 893 168 2252 259">
    <p class='ocr_par' dir='ltr' id='par_1_1' title="bbox 893 168 2252 259">
     <span class='ocr_line' id='line_1_1' title="bbox 893 168 2252 259; baseline 0.001 -3"><span class='ocrx_word' id='word_1_1' title='bbox 893 194 1185 256; x_wconf 74' lang='lat' dir='ltr'><strong>mum</strong></span> <span class='ocrx_word' id='word_1_2' title='bbox 1225 194 1361 255; x_wconf 79' lang='lat' dir='ltr'><strong>Lm.</strong></span> <span class='ocrx_word' id='word_1_3' title='bbox 1397 194 1468 255; x_wconf 90' lang='lat'><strong>11.</strong></span> <span class='ocrx_word' id='word_1_4' title='bbox 1497 204 1551 259; x_wconf 84' lang='lat'><strong>3.</strong></span> <span class='ocrx_word' id='word_1_5' title='bbox 1580 205 1633 258; x_wconf 83' lang='lat'><strong>4.</strong></span> <span class='ocrx_word' id='word_1_6' title='bbox 1654 168 1684 195; x_wconf 77' lang='grc'><strong><em>’</em></strong></span> <span class='ocrx_word' id='word_1_7' title='bbox 2170 195 2252 257; x_wconf 84' lang='lat'><strong>29</strong></span> 
     </span>
    </p>
   </div>
   <div class='ocr_carea' id='block_1_2' title="bbox 237 360 2253 779">
    <p class='ocr_par' dir='ltr' id='par_1_2' title="bbox 238 360 2032 528">
     <span class='ocr_line' id='line_1_2' title="bbox 327 360 1655 446; baseline 0 -23"><span class='ocrx_word' id='word_1_8' title='bbox 327 360 603 424; x_wconf 79' lang='lat' dir='ltr'><strong>Horrida</strong></span> <span class='ocrx_word' id='word_1_9' title='bbox 644 360 862 424; x_wconf 87' lang='lat' dir='ltr'><strong>villosa</strong></span> <span class='ocrx_word' id='word_1_10' title='bbox 906 383 1169 446; x_wconf 82' lang='lat' dir='ltr'><strong>corpora</strong></span> <span class='ocrx_word' id='word_1_11' title='bbox 1212 369 1387 424; x_wconf 83' lang='lat' dir='ltr'><strong>veste</strong></span> <span class='ocrx_word' id='word_1_12' title='bbox 1422 369 1655 442; x_wconf 80' lang='lat' dir='ltr'><strong>tegant.</strong></span> 
     </span>
     <span class='ocr_line' id='line_1_3' title="bbox 238 444 2032 528; baseline 0.002 -23"><span class='ocrx_word' id='word_1_13' title='bbox 238 446 419 506; x_wconf 90' lang='lat' dir='ltr'><strong>Nunc</strong></span> <span class='ocrx_word' id='word_1_14' title='bbox 462 448 514 506; x_wconf 87' lang='lat' dir='ltr'><strong>si</strong></span> <span class='ocrx_word' id='word_1_15' title='bbox 557 444 765 507; x_wconf 83' lang='lat' dir='ltr'><strong>clausa</strong></span> <span class='ocrx_word' id='word_1_16' title='bbox 807 465 944 508; x_wconf 90' lang='lat' dir='ltr'><strong>mea</strong></span> <span class='ocrx_word' id='word_1_17' title='bbox 983 455 1114 526; x_wconf 86' lang='lat' dir='ltr'><strong>est,</strong></span> <span class='ocrx_word' id='word_1_18' title='bbox 1161 449 1213 508; x_wconf 88' lang='lat' dir='ltr'><strong>si</strong></span> <span class='ocrx_word' id='word_1_19' title='bbox 1259 449 1436 528; x_wconf 79' lang='lat' dir='ltr'><strong>copia</strong></span> <span class='ocrx_word' id='word_1_20' title='bbox 1477 467 1619 507; x_wconf 88' lang='lat' dir='ltr'><strong>rara</strong></span> <span class='ocrx_word' id='word_1_21' title='bbox 1661 445 1946 525; x_wconf 81' lang='lat' dir='ltr'><strong>videndi,</strong></span> <span class='ocrx_word' id='word_1_22' title='bbox 2031 474 2032 477; x_wconf 41' lang='lat'>¹</span> 
     </span>
    </p>

    <p class='ocr_par' dir='ltr' id='par_1_3' title="bbox 237 529 1981 695">
     <span class='ocr_line' id='line_1_4' title="bbox 327 529 1958 611; baseline 0.001 -21"><span class='ocrx_word' id='word_1_23' title='bbox 327 531 469 591; x_wconf 86' lang='lat' dir='ltr'><strong>Heu</strong></span> <span class='ocrx_word' id='word_1_24' title='bbox 511 531 838 609; x_wconf 88' lang='lat' dir='ltr'><strong>miserum,</strong></span> <span class='ocrx_word' id='word_1_25' title='bbox 880 529 1077 592; x_wconf 84' lang='lat' dir='ltr'><strong>laxam</strong></span> <span class='ocrx_word' id='word_1_26' title='bbox 1123 531 1272 609; x_wconf 84' lang='lat' dir='ltr'><strong>quid</strong></span> <span class='ocrx_word' id='word_1_27' title='bbox 1313 535 1480 591; x_wconf 86' lang='lat' dir='ltr'><strong>iuvat</strong></span> <span class='ocrx_word' id='word_1_28' title='bbox 1522 549 1662 591; x_wconf 89' lang='lat' dir='ltr'><strong>esse</strong></span> <span class='ocrx_word' id='word_1_29' title='bbox 1689 530 1958 611; x_wconf 54' lang='lat' dir='ltr'><strong>togam?</strong></span> 
     </span>
     <span class='ocr_line' id='line_1_5' title="bbox 237 613 1981 695; baseline 0.001 -22"><span class='ocrx_word' id='word_1_30' title='bbox 237 613 493 675; x_wconf 84' lang='lat' dir='ltr'>Ducite:</span> <span class='ocrx_word' id='word_1_31' title='bbox 537 613 617 673; x_wconf 89' lang='lat' dir='ltr'><strong>ad</strong></span> <span class='ocrx_word' id='word_1_32' title='bbox 657 616 984 695; x_wconf 87' lang='lat' dir='ltr'><strong>imperium</strong></span> <span class='ocrx_word' id='word_1_33' title='bbox 1028 615 1312 675; x_wconf 89' lang='lat' dir='ltr'><strong>dominae</strong></span> <span class='ocrx_word' id='word_1_34' title='bbox 1357 614 1726 676; x_wconf 80' lang='lat' dir='ltr'><strong>sulcabimus</strong></span> <span class='ocrx_word' id='word_1_35' title='bbox 1769 635 1981 695; x_wconf 86' lang='lat' dir='ltr'><strong>agros:</strong></span> 
     </span>
    </p>

    <p class='ocr_par' dir='ltr' id='par_1_4' title="bbox 326 698 2253 779">
     <span class='ocr_line' id='line_1_6' title="bbox 326 698 2253 779; baseline 0.003 -22"><span class='ocrx_word' id='word_1_36' title='bbox 326 698 462 757; x_wconf 92' lang='lat' dir='ltr'><strong>Non</strong></span> <span class='ocrx_word' id='word_1_37' title='bbox 508 715 624 776; x_wconf 83' lang='lat' dir='ltr'><strong>ego</strong></span> <span class='ocrx_word' id='word_1_38' title='bbox 669 717 769 759; x_wconf 89' lang='lat' dir='ltr'><strong>me</strong></span> <span class='ocrx_word' id='word_1_39' title='bbox 811 698 1031 759; x_wconf 83' lang='lat' dir='ltr'><strong>vinclis</strong></span> <span class='ocrx_word' id='word_1_40' title='bbox 1073 701 1564 778; x_wconf 83' lang='lat' dir='ltr'><strong>verberibusque</strong></span> <span class='ocrx_word' id='word_1_41' title='bbox 1606 717 1788 779; x_wconf 84' lang='lat' dir='ltr'><strong>nego.</strong></span> <span class='ocrx_word' id='word_1_42' title='bbox 2181 708 2253 763; x_wconf 85' lang='grc'><strong>80</strong></span> 
     </span>
    </p>
   </div>
   <div class='ocr_carea' id='block_1_3' title="bbox 1048 835 1452 844">
    <p class='ocr_par' dir='ltr' id='par_1_5' title="bbox 1048 835 1452 844">
     <span class='ocr_line' id='line_1_7' title="bbox 1048 835 1452 844; baseline 0 3054"><span class='ocrx_word' id='word_1_43' title='bbox 1048 835 1452 844; x_wconf 95' lang='lat' dir='ltr'><strong> </strong></span> 
     </span>
    </p>
   </div>
   <div class='ocr_carea' id='block_1_4' title="bbox 1180 914 1297 979">
    <p class='ocr_par' dir='ltr' id='par_1_6' title="bbox 1180 914 1297 979">
     <span class='ocr_line' id='line_1_8' title="bbox 1180 914 1297 979; baseline -0.009 0"><span class='ocrx_word' id='word_1_44' title='bbox 1180 914 1297 979; x_wconf 91' lang='lat' dir='ltr'><strong>IV.</strong></span> 
     </span>
    </p>
   </div>
   <div class='ocr_carea' id='block_1_5' title="bbox 168 998 2250 3530">
    <p class='ocr_par' dir='ltr' id='par_1_7' title="bbox 168 998 2250 3530">
     <span class='ocr_line' id='line_1_9' title="bbox 239 998 1955 1113; baseline 0.001 -23"><span class='ocrx_word' id='word_1_45' title='bbox 239 998 364 1092; x_wconf 79' lang='lat' dir='ltr'><strong>llic</strong></span> <span class='ocrx_word' id='word_1_46' title='bbox 407 1032 558 1091; x_wconf 89' lang='lat' dir='ltr'><strong>mihi</strong></span> <span class='ocrx_word' id='word_1_47' title='bbox 596 1033 913 1093; x_wconf 86' lang='lat' dir='ltr'><strong>servitium</strong></span> <span class='ocrx_word' id='word_1_48' title='bbox 953 1031 1135 1094; x_wconf 81' lang='lat' dir='ltr'><strong>video</strong></span> <span class='ocrx_word' id='word_1_49' title='bbox 1178 1031 1610 1110; x_wconf 88' lang='lat' dir='ltr'><strong>dominamque</strong></span> <span class='ocrx_word' id='word_1_50' title='bbox 1650 1038 1955 1113; x_wconf 86' lang='lat' dir='ltr'><strong>paratam:</strong></span> 
     </span>
     <span class='ocr_line' id='line_1_10' title="bbox 327 1114 1659 1197; baseline 0.002 -22"><span class='ocrx_word' id='word_1_51' title='bbox 327 1116 451 1175; x_wconf 90' lang='lat' dir='ltr'><strong>Iam</strong></span> <span class='ocrx_word' id='word_1_52' title='bbox 492 1116 677 1194; x_wconf 87' lang='lat' dir='ltr'><strong>mihi,</strong></span> <span class='ocrx_word' id='word_1_53' title='bbox 721 1115 980 1177; x_wconf 83' lang='lat' dir='ltr'><strong>libertas</strong></span> <span class='ocrx_word' id='word_1_54' title='bbox 1021 1115 1134 1176; x_wconf 91' lang='lat' dir='ltr'><strong>illa</strong></span> <span class='ocrx_word' id='word_1_55' title='bbox 1175 1122 1469 1197; x_wconf 80' lang='lat' dir='ltr'><strong>paterna,</strong></span> <span class='ocrx_word' id='word_1_56' title='bbox 1504 1114 1659 1177; x_wconf 85' lang='lat' dir='ltr'><strong>vale.</strong></span> 
     </span>
     <span class='ocr_line' id='line_1_11' title="bbox 251 1199 1941 1279; baseline -0.001 -18"><span class='ocrx_word' id='word_1_57' title='bbox 251 1200 587 1261; x_wconf 83' lang='lat' dir='ltr'><strong>Servitium</strong></span> <span class='ocrx_word' id='word_1_58' title='bbox 632 1199 745 1260; x_wconf 89' lang='lat' dir='ltr'><strong>sed</strong></span> <span class='ocrx_word' id='word_1_59' title='bbox 788 1203 973 1260; x_wconf 89' lang='lat' dir='ltr'><strong>triste</strong></span> <span class='ocrx_word' id='word_1_60' title='bbox 1019 1200 1233 1276; x_wconf 83' lang='lat' dir='ltr'><strong>datur,</strong></span> <span class='ocrx_word' id='word_1_61' title='bbox 1278 1207 1627 1278; x_wconf 90' lang='lat' dir='ltr'><strong>teneorque</strong></span> <span class='ocrx_word' id='word_1_62' title='bbox 1670 1201 1941 1279; x_wconf 86' lang='lat' dir='ltr'><strong>catenis,</strong></span> 
     </span>
     <span class='ocr_line' id='line_1_12' title="bbox 327 1281 1850 1363; baseline 0 -20"><span class='ocrx_word' id='word_1_63' title='bbox 327 1284 411 1343; x_wconf 87' lang='lat' dir='ltr'><strong>Et</strong></span> <span class='ocrx_word' id='word_1_64' title='bbox 447 1302 756 1363; x_wconf 87' lang='lat' dir='ltr'><strong>nunquam</strong></span> <span class='ocrx_word' id='word_1_65' title='bbox 798 1285 1025 1345; x_wconf 87' lang='lat' dir='ltr'><strong>misero</strong></span> <span class='ocrx_word' id='word_1_66' title='bbox 1070 1281 1275 1344; x_wconf 85' lang='lat' dir='ltr'><strong>vincla</strong></span> <span class='ocrx_word' id='word_1_67' title='bbox 1319 1285 1586 1344; x_wconf 81' lang='lat' dir='ltr'><strong>remittit</strong></span> <span class='ocrx_word' id='word_1_68' title='bbox 1625 1285 1850 1361; x_wconf 84' lang='lat' dir='ltr'><strong>Amor,</strong></span> 
     </span>
     <span class='ocr_line' id='line_1_13' title="bbox 238 1367 2248 1448; baseline -0.002 -16"><span class='ocrx_word' id='word_1_69' title='bbox 238 1369 324 1432; x_wconf 82' lang='lat' dir='ltr'><strong>Et</strong></span> <span class='ocrx_word' id='word_1_70' title='bbox 366 1387 476 1429; x_wconf 90' lang='lat' dir='ltr'><strong>seu</strong></span> <span class='ocrx_word' id='word_1_71' title='bbox 514 1368 660 1448; x_wconf 89' lang='lat' dir='ltr'><strong>quid</strong></span> <span class='ocrx_word' id='word_1_72' title='bbox 699 1370 897 1430; x_wconf 87' lang='lat' dir='ltr'><strong>merui</strong></span> <span class='ocrx_word' id='word_1_73' title='bbox 939 1387 1048 1430; x_wconf 88' lang='lat' dir='ltr'><strong>seu</strong></span> <span class='ocrx_word' id='word_1_74' title='bbox 1087 1367 1234 1446; x_wconf 88' lang='lat' dir='ltr'><strong>quid</strong></span> <span class='ocrx_word' id='word_1_75' title='bbox 1270 1367 1693 1448; x_wconf 82' lang='lat' dir='ltr'><strong>peccavimus,</strong></span> <span class='ocrx_word' id='word_1_76' title='bbox 1739 1369 1883 1430; x_wconf 88' lang='lat' dir='ltr'><strong>urit.</strong></span> <span class='ocrx_word' id='word_1_77' title='bbox 2216 1378 2248 1428; x_wconf 88' lang='lat'>5</span> 
     </span>
     <span class='ocr_line' id='line_1_14' title="bbox 327 1450 1691 1533; baseline -0.002 -19"><span class='ocrx_word' id='word_1_78' title='bbox 327 1454 494 1514; x_wconf 89' lang='lat' dir='ltr'><strong>Uror</strong></span> <span class='ocrx_word' id='word_1_79' title='bbox 533 1454 628 1511; x_wconf 84' lang='lat' dir='ltr'><strong>io:</strong></span> <span class='ocrx_word' id='word_1_80' title='bbox 673 1472 954 1533; x_wconf 84' lang='lat' dir='ltr'><strong>remove,</strong></span> <span class='ocrx_word' id='word_1_81' title='bbox 999 1471 1178 1515; x_wconf 85' lang='lat' dir='ltr'><strong>saeva</strong></span> <span class='ocrx_word' id='word_1_82' title='bbox 1218 1450 1459 1531; x_wconf 87' lang='lat' dir='ltr'><strong>puella,</strong></span> <span class='ocrx_word' id='word_1_83' title='bbox 1503 1451 1691 1511; x_wconf 89' lang='lat' dir='ltr'><strong>faces.</strong></span> 
     </span>
     <span class='ocr_line' id='line_1_15' title="bbox 168 1534 1643 1617; baseline -0.003 -19"><span class='ocrx_word' id='word_1_84' title='bbox 168 1556 173 1562; x_wconf 91' lang='lat'>·</span> <span class='ocrx_word' id='word_1_85' title='bbox 245 1539 299 1598; x_wconf 90' lang='grc' dir='ltr'><strong>Ο</strong></span> <span class='ocrx_word' id='word_1_86' title='bbox 346 1555 460 1614; x_wconf 87' lang='lat' dir='ltr'><strong>ego</strong></span> <span class='ocrx_word' id='word_1_87' title='bbox 493 1556 574 1596; x_wconf 89' lang='lat' dir='ltr'><strong>ne</strong></span> <span class='ocrx_word' id='word_1_88' title='bbox 610 1539 841 1617; x_wconf 86' lang='lat' dir='ltr'><strong>possim</strong></span> <span class='ocrx_word' id='word_1_89' title='bbox 885 1538 1037 1598; x_wconf 87' lang='lat' dir='ltr'><strong>tales</strong></span> <span class='ocrx_word' id='word_1_90' title='bbox 1075 1537 1313 1598; x_wconf 81' lang='lat' dir='ltr'><strong>sentire</strong></span> <span class='ocrx_word' id='word_1_91' title='bbox 1360 1534 1643 1614; x_wconf 87' lang='lat' dir='ltr'><strong>dolores,</strong></span> 
     </span>
     <span class='ocr_line' id='line_1_16' title="bbox 327 1615 1955 1700; baseline -0.001 -21"><span class='ocrx_word' id='word_1_92' title='bbox 327 1622 520 1698; x_wconf 78' lang='lat' dir='ltr'><strong>Quam</strong></span> <span class='ocrx_word' id='word_1_93' title='bbox 562 1619 806 1681; x_wconf 89' lang='lat' dir='ltr'><strong>mallem</strong></span> <span class='ocrx_word' id='word_1_94' title='bbox 850 1624 915 1682; x_wconf 91' lang='lat' dir='ltr'><strong>in</strong></span> <span class='ocrx_word' id='word_1_95' title='bbox 960 1621 1183 1700; x_wconf 83' lang='lat' dir='ltr'><strong>gelidis</strong></span> <span class='ocrx_word' id='word_1_96' title='bbox 1230 1621 1538 1680; x_wconf 85' lang='lat' dir='ltr'><strong>montibus</strong></span> <span class='ocrx_word' id='word_1_97' title='bbox 1579 1637 1716 1680; x_wconf 89' lang='lat' dir='ltr'><strong>esse</strong></span> <span class='ocrx_word' id='word_1_98' title='bbox 1760 1615 1955 1699; x_wconf 84' lang='lat' dir='ltr'><strong>lapis,</strong></span> 
     </span>
     <span class='ocr_line' id='line_1_17' title="bbox 243 1704 1673 1781; baseline -0.002 -16"><span class='ocrx_word' id='word_1_99' title='bbox 243 1705 424 1765; x_wconf 83' lang='lat' dir='ltr'><strong>Stare</strong></span> <span class='ocrx_word' id='word_1_100' title='bbox 468 1704 567 1763; x_wconf 83' lang='lat' dir='ltr'><strong>vel</strong></span> <span class='ocrx_word' id='word_1_101' title='bbox 608 1706 838 1765; x_wconf 88' lang='lat' dir='ltr'><strong>insanis</strong></span> <span class='ocrx_word' id='word_1_102' title='bbox 884 1713 1092 1766; x_wconf 89' lang='lat' dir='ltr'><strong>cautes</strong></span> <span class='ocrx_word' id='word_1_103' title='bbox 1138 1706 1398 1765; x_wconf 86' lang='lat' dir='ltr'><strong>obnoxia</strong></span> <span class='ocrx_word' id='word_1_104' title='bbox 1439 1705 1673 1781; x_wconf 77' lang='lat' dir='ltr'><strong>ventis,</strong></span> 
     </span>
     <span class='ocr_line' id='line_1_18' title="bbox 326 1787 2250 1868; baseline 0.001 -22"><span class='ocrx_word' id='word_1_105' title='bbox 326 1787 633 1866; x_wconf 87' lang='lat' dir='ltr'><strong>Naufraga</strong></span> <span class='ocrx_word' id='word_1_106' title='bbox 679 1809 855 1868; x_wconf 91' lang='lat' dir='ltr'><strong>quam</strong></span> <span class='ocrx_word' id='word_1_107' title='bbox 898 1791 1053 1849; x_wconf 82' lang='lat' dir='ltr'><strong>vasti</strong></span> <span class='ocrx_word' id='word_1_108' title='bbox 1094 1788 1390 1849; x_wconf 87' lang='lat' dir='ltr'><strong>tunderet</strong></span> <span class='ocrx_word' id='word_1_109' title='bbox 1429 1787 1592 1847; x_wconf 88' lang='lat' dir='ltr'><strong>unda</strong></span> <span class='ocrx_word' id='word_1_110' title='bbox 1636 1787 1854 1847; x_wconf 85' lang='lat' dir='ltr'><strong>maris!</strong></span> <span class='ocrx_word' id='word_1_111' title='bbox 2183 1798 2250 1849; x_wconf 86' lang='lat'><strong>10</strong></span> 
     </span>
     <span class='ocr_line' id='line_1_19' title="bbox 239 1872 2039 1934; baseline -0.001 -3"><span class='ocrx_word' id='word_1_112' title='bbox 239 1873 416 1932; x_wconf 89' lang='lat' dir='ltr'><strong>Nunc</strong></span> <span class='ocrx_word' id='word_1_113' title='bbox 460 1877 526 1931; x_wconf 85' lang='lat' dir='ltr'><strong>et</strong></span> <span class='ocrx_word' id='word_1_114' title='bbox 567 1892 769 1933; x_wconf 88' lang='lat' dir='ltr'><strong>amara</strong></span> <span class='ocrx_word' id='word_1_115' title='bbox 813 1872 946 1933; x_wconf 89' lang='lat' dir='ltr'><strong>dies</strong></span> <span class='ocrx_word' id='word_1_116' title='bbox 989 1882 1056 1934; x_wconf 90' lang='lat' dir='ltr'><strong>et</strong></span> <span class='ocrx_word' id='word_1_117' title='bbox 1096 1874 1299 1933; x_wconf 89' lang='lat' dir='ltr'><strong>noctis</strong></span> <span class='ocrx_word' id='word_1_118' title='bbox 1348 1873 1611 1932; x_wconf 85' lang='lat' dir='ltr'><strong>amarior</strong></span> <span class='ocrx_word' id='word_1_119' title='bbox 1652 1874 1867 1932; x_wconf 90' lang='lat' dir='ltr'><strong>umbra</strong></span> <span class='ocrx_word' id='word_1_120' title='bbox 1911 1877 2039 1931; x_wconf 82' lang='lat' dir='ltr'><strong>est:</strong></span> 
     </span>
     <span class='ocr_line' id='line_1_20' title="bbox 327 1955 1773 2039; baseline 0.002 -23"><span class='ocrx_word' id='word_1_121' title='bbox 327 1957 546 2017; x_wconf 87' lang='lat' dir='ltr'><strong>Omnia</strong></span> <span class='ocrx_word' id='word_1_122' title='bbox 589 1978 726 2016; x_wconf 91' lang='lat' dir='ltr'><strong>nam</strong></span> <span class='ocrx_word' id='word_1_123' title='bbox 772 1960 940 2018; x_wconf 84' lang='lat' dir='ltr'><strong>tristi</strong></span> <span class='ocrx_word' id='word_1_124' title='bbox 982 1965 1264 2039; x_wconf 89' lang='lat' dir='ltr'><strong>tempora</strong></span> <span class='ocrx_word' id='word_1_125' title='bbox 1308 1955 1462 2017; x_wconf 84' lang='lat' dir='ltr'><strong>felle</strong></span> <span class='ocrx_word' id='word_1_126' title='bbox 1505 1956 1773 2019; x_wconf 87' lang='lat' dir='ltr'><strong>madent.</strong></span> 
     </span>
     <span class='ocr_line' id='line_1_21' title="bbox 240 2037 1931 2121; baseline -0.002 -21"><span class='ocrx_word' id='word_1_127' title='bbox 240 2041 372 2100; x_wconf 89' lang='lat' dir='ltr'><strong>Nec</strong></span> <span class='ocrx_word' id='word_1_128' title='bbox 414 2048 677 2120; x_wconf 84' lang='lat' dir='ltr'><strong>prosunt</strong></span> <span class='ocrx_word' id='word_1_129' title='bbox 718 2040 884 2121; x_wconf 87' lang='lat' dir='ltr'><strong>elegi</strong></span> <span class='ocrx_word' id='word_1_130' title='bbox 925 2062 1043 2103; x_wconf 91' lang='lat' dir='ltr'><strong>nec</strong></span> <span class='ocrx_word' id='word_1_131' title='bbox 1083 2043 1372 2103; x_wconf 81' lang='lat' dir='ltr'><strong>carminis</strong></span> <span class='ocrx_word' id='word_1_132' title='bbox 1415 2048 1631 2101; x_wconf 88' lang='lat' dir='ltr'><strong>auctor</strong></span> <span class='ocrx_word' id='word_1_133' title='bbox 1667 2037 1931 2119; x_wconf 84' lang='lat' dir='ltr'><strong>Apollo:</strong></span> 
     </span>
     <span class='ocr_line' id='line_1_22' title="bbox 325 2122 1684 2212; baseline -0.001 -29"><span class='ocrx_word' id='word_1_134' title='bbox 325 2122 438 2184; x_wconf 79' lang='lat' dir='ltr'><strong>Illa</strong></span> <span class='ocrx_word' id='word_1_135' title='bbox 483 2144 625 2184; x_wconf 86' lang='lat' dir='ltr'><strong>cava</strong></span> <span class='ocrx_word' id='word_1_136' title='bbox 667 2127 936 2204; x_wconf 89' lang='lat' dir='ltr'><strong>pretium</strong></span> <span class='ocrx_word' id='word_1_137' title='bbox 977 2128 1214 2212; x_wconf 67' lang='lat' dir='ltr'><strong>flagitat</strong></span> <span class='ocrx_word' id='word_1_138' title='bbox 1246 2143 1444 2202; x_wconf 91' lang='lat' dir='ltr'><strong>usque</strong></span> <span class='ocrx_word' id='word_1_139' title='bbox 1486 2144 1684 2183; x_wconf 89' lang='lat' dir='ltr'><strong>manu.</strong></span> 
     </span>
     <span class='ocr_line' id='line_1_23' title="bbox 239 2207 2247 2288; baseline 0 -21"><span class='ocrx_word' id='word_1_140' title='bbox 239 2209 335 2267; x_wconf 88' lang='lat' dir='ltr'><strong>lte</strong></span> <span class='ocrx_word' id='word_1_141' title='bbox 374 2207 626 2287; x_wconf 87' lang='lat' dir='ltr'><strong>procul,</strong></span> <span class='ocrx_word' id='word_1_142' title='bbox 666 2210 917 2286; x_wconf 81' lang='lat' dir='ltr'><strong>Musae,</strong></span> <span class='ocrx_word' id='word_1_143' title='bbox 957 2211 1008 2268; x_wconf 91' lang='lat' dir='ltr'><strong>si</strong></span> <span class='ocrx_word' id='word_1_144' title='bbox 1049 2228 1174 2269; x_wconf 88' lang='lat' dir='ltr'><strong>non</strong></span> <span class='ocrx_word' id='word_1_145' title='bbox 1211 2209 1526 2288; x_wconf 82' lang='lat' dir='ltr'><strong>prodestis</strong></span> <span class='ocrx_word' id='word_1_146' title='bbox 1566 2208 1822 2266; x_wconf 89' lang='lat' dir='ltr'><strong>amanti:</strong></span> <span class='ocrx_word' id='word_1_147' title='bbox 2185 2216 2247 2268; x_wconf 86' lang='lat'><strong>15</strong></span> 
     </span>
     <span class='ocr_line' id='line_1_24' title="bbox 326 2289 1850 2370; baseline 0 -19"><span class='ocrx_word' id='word_1_148' title='bbox 326 2292 464 2351; x_wconf 92' lang='lat' dir='ltr'><strong>Non</strong></span> <span class='ocrx_word' id='word_1_149' title='bbox 504 2310 619 2370; x_wconf 87' lang='lat' dir='ltr'><strong>ego</strong></span> <span class='ocrx_word' id='word_1_150' title='bbox 661 2312 801 2370; x_wconf 81' lang='lat' dir='ltr'><strong>vos,</strong></span> <span class='ocrx_word' id='word_1_151' title='bbox 843 2299 910 2352; x_wconf 91' lang='lat' dir='ltr'><strong>ut</strong></span> <span class='ocrx_word' id='word_1_152' title='bbox 954 2294 1079 2353; x_wconf 91' lang='lat' dir='ltr'><strong>sint</strong></span> <span class='ocrx_word' id='word_1_153' title='bbox 1119 2291 1284 2353; x_wconf 88' lang='lat' dir='ltr'><strong>bella</strong></span> <span class='ocrx_word' id='word_1_154' title='bbox 1327 2290 1634 2368; x_wconf 83' lang='lat' dir='ltr'><strong>canenda,</strong></span> <span class='ocrx_word' id='word_1_155' title='bbox 1681 2289 1850 2369; x_wconf 83' lang='lat' dir='ltr'><strong>colo,</strong></span> 
     </span>
     <span class='ocr_line' id='line_1_25' title="bbox 239 2375 1905 2455; baseline -0.001 -19"><span class='ocrx_word' id='word_1_156' title='bbox 239 2376 372 2436; x_wconf 90' lang='lat' dir='ltr'><strong>Nec</strong></span> <span class='ocrx_word' id='word_1_157' title='bbox 412 2376 625 2436; x_wconf 89' lang='lat' dir='ltr'><strong>refero</strong></span> <span class='ocrx_word' id='word_1_158' title='bbox 671 2375 944 2454; x_wconf 89' lang='lat' dir='ltr'><strong>solisque</strong></span> <span class='ocrx_word' id='word_1_159' title='bbox 987 2378 1113 2437; x_wconf 82' lang='lat' dir='ltr'><strong>vias</strong></span> <span class='ocrx_word' id='word_1_160' title='bbox 1159 2381 1225 2437; x_wconf 89' lang='lat' dir='ltr'><strong>et</strong></span> <span class='ocrx_word' id='word_1_161' title='bbox 1269 2376 1503 2455; x_wconf 82' lang='lat' dir='ltr'><strong>qualis,</strong></span> <span class='ocrx_word' id='word_1_162' title='bbox 1536 2376 1644 2435; x_wconf 91' lang='lat' dir='ltr'><strong>ubi</strong></span> <span class='ocrx_word' id='word_1_163' title='bbox 1690 2377 1905 2435; x_wconf 88' lang='lat' dir='ltr'><strong>orbem</strong></span> 
     </span>
     <span class='ocr_line' id='line_1_26' title="bbox 328 2458 1707 2539; baseline -0.001 -20"><span class='ocrx_word' id='word_1_164' title='bbox 328 2458 708 2539; x_wconf 78' lang='lat' dir='ltr'><strong>Gomplevit‚</strong></span> <span class='ocrx_word' id='word_1_165' title='bbox 750 2463 946 2522; x_wconf 84' lang='lat' dir='ltr'><strong>versis</strong></span> <span class='ocrx_word' id='word_1_166' title='bbox 986 2461 1158 2520; x_wconf 88' lang='lat' dir='ltr'><strong>Luna</strong></span> <span class='ocrx_word' id='word_1_167' title='bbox 1199 2462 1473 2519; x_wconf 85' lang='lat' dir='ltr'><strong>recurrit</strong></span> <span class='ocrx_word' id='word_1_168' title='bbox 1513 2459 1707 2539; x_wconf 89' lang='lat' dir='ltr'><strong>equis.</strong></span> 
     </span>
     <span class='ocr_line' id='line_1_27' title="bbox 239 2543 1951 2624; baseline -0.002 -19"><span class='ocrx_word' id='word_1_169' title='bbox 239 2543 342 2605; x_wconf 85' lang='lat' dir='ltr'><strong>Ad</strong></span> <span class='ocrx_word' id='word_1_170' title='bbox 385 2543 689 2603; x_wconf 89' lang='lat' dir='ltr'><strong>dominam</strong></span> <span class='ocrx_word' id='word_1_171' title='bbox 733 2545 949 2604; x_wconf 84' lang='lat' dir='ltr'><strong>faciles</strong></span> <span class='ocrx_word' id='word_1_172' title='bbox 989 2545 1188 2605; x_wconf 88' lang='lat' dir='ltr'><strong>aditus</strong></span> <span class='ocrx_word' id='word_1_173' title='bbox 1224 2563 1340 2624; x_wconf 90' lang='lat' dir='ltr'><strong>per</strong></span> <span class='ocrx_word' id='word_1_174' title='bbox 1385 2545 1652 2604; x_wconf 86' lang='lat' dir='ltr'><strong>carmina</strong></span> <span class='ocrx_word' id='word_1_175' title='bbox 1694 2561 1951 2621; x_wconf 87' lang='lat' dir='ltr'><strong>quaero:</strong></span> 
     </span>
     <span class='ocr_line' id='line_1_28' title="bbox 326 2627 2250 2707; baseline -0.001 -20"><span class='ocrx_word' id='word_1_176' title='bbox 326 2627 417 2687; x_wconf 85' lang='lat' dir='ltr'><strong>Ite</strong></span> <span class='ocrx_word' id='word_1_177' title='bbox 457 2627 706 2707; x_wconf 81' lang='lat' dir='ltr'><strong>procul,</strong></span> <span class='ocrx_word' id='word_1_178' title='bbox 748 2629 1000 2707; x_wconf 86' lang='lat' dir='ltr'><strong>Musae,</strong></span> <span class='ocrx_word' id='word_1_179' title='bbox 1045 2631 1099 2689; x_wconf 87' lang='lat' dir='ltr'><strong>si</strong></span> <span class='ocrx_word' id='word_1_180' title='bbox 1140 2627 1301 2688; x_wconf 86' lang='lat' dir='ltr'><strong>nihil</strong></span> <span class='ocrx_word' id='word_1_181' title='bbox 1343 2630 1464 2689; x_wconf 88' lang='lat' dir='ltr'><strong>ista</strong></span> <span class='ocrx_word' id='word_1_182' title='bbox 1504 2628 1729 2690; x_wconf 86' lang='lat' dir='ltr'><strong>valent.</strong></span> <span class='ocrx_word' id='word_1_183' title='bbox 2077 2696 2082 2702; x_wconf 26' lang='lat'>⁸</span> <span class='ocrx_word' id='word_1_184' title='bbox 2182 2635 2250 2686; x_wconf 77' lang='lat'><strong>20</strong></span> 
     </span>
     <span class='ocr_line' id='line_1_29' title="bbox 242 2708 2095 2791; baseline -0.001 -20"><span class='ocrx_word' id='word_1_185' title='bbox 242 2712 328 2771; x_wconf 85' lang='lat' dir='ltr'><strong>At</strong></span> <span class='ocrx_word' id='word_1_186' title='bbox 370 2712 520 2770; x_wconf 88' lang='lat' dir='ltr'><strong>mihi</strong></span> <span class='ocrx_word' id='word_1_187' title='bbox 564 2730 680 2791; x_wconf 89' lang='lat' dir='ltr'><strong>per</strong></span> <span class='ocrx_word' id='word_1_188' title='bbox 724 2712 975 2772; x_wconf 90' lang='lat' dir='ltr'><strong>caedem</strong></span> <span class='ocrx_word' id='word_1_189' title='bbox 1025 2719 1091 2771; x_wconf 88' lang='lat' dir='ltr'><strong>et</strong></span> <span class='ocrx_word' id='word_1_190' title='bbox 1130 2713 1370 2772; x_wconf 86' lang='lat' dir='ltr'><strong>facinus</strong></span> <span class='ocrx_word' id='word_1_191' title='bbox 1404 2717 1548 2770; x_wconf 89' lang='lat' dir='ltr'><strong>sunt</strong></span> <span class='ocrx_word' id='word_1_192' title='bbox 1591 2710 1751 2769; x_wconf 90' lang='lat' dir='ltr'><strong>dona</strong></span> <span class='ocrx_word' id='word_1_193' title='bbox 1791 2708 2095 2789; x_wconf 87' lang='lat' dir='ltr'><strong>paranda,</strong></span> 
     </span>
     <span class='ocr_line' id='line_1_30' title="bbox 324 2793 1781 2855; baseline -0.002 -1"><span class='ocrx_word' id='word_1_194' title='bbox 324 2794 420 2854; x_wconf 90' lang='lat' dir='ltr'><strong>Ne</strong></span> <span class='ocrx_word' id='word_1_195' title='bbox 465 2796 695 2854; x_wconf 85' lang='lat' dir='ltr'><strong>iaceam</strong></span> <span class='ocrx_word' id='word_1_196' title='bbox 740 2793 1006 2854; x_wconf 84' lang='lat' dir='ltr'><strong>clausam</strong></span> <span class='ocrx_word' id='word_1_197' title='bbox 1046 2793 1277 2855; x_wconf 86' lang='lat' dir='ltr'><strong>flebilis</strong></span> <span class='ocrx_word' id='word_1_198' title='bbox 1318 2800 1464 2853; x_wconf 89' lang='lat' dir='ltr'><strong>ante</strong></span> <span class='ocrx_word' id='word_1_199' title='bbox 1510 2793 1781 2851; x_wconf 90' lang='lat' dir='ltr'><strong>domum:</strong></span> 
     </span>
     <span class='ocr_line' id='line_1_31' title="bbox 242 2877 1878 2959; baseline -0.001 -22"><span class='ocrx_word' id='word_1_200' title='bbox 242 2880 368 2938; x_wconf 90' lang='lat' dir='ltr'><strong>Aut</strong></span> <span class='ocrx_word' id='word_1_201' title='bbox 410 2880 643 2959; x_wconf 87' lang='lat' dir='ltr'><strong>rapiam</strong></span> <span class='ocrx_word' id='word_1_202' title='bbox 686 2896 982 2959; x_wconf 88' lang='lat' dir='ltr'><strong>suspensa</strong></span> <span class='ocrx_word' id='word_1_203' title='bbox 1025 2877 1182 2937; x_wconf 88' lang='lat' dir='ltr'><strong>focis</strong></span> <span class='ocrx_word' id='word_1_204' title='bbox 1224 2878 1490 2955; x_wconf 86' lang='lat' dir='ltr'><strong>insignia</strong></span> <span class='ocrx_word' id='word_1_205' title='bbox 1532 2877 1754 2936; x_wconf 86' lang='lat' dir='ltr'><strong>sacris:</strong></span> <span class='ocrx_word' id='word_1_206' title='bbox 1865 2881 1878 2888; x_wconf 77' lang='grc'><strong>“</strong></span> 
     </span>
     <span class='ocr_line' id='line_1_32' title="bbox 327 2960 1767 3023; baseline -0.001 -2"><span class='ocrx_word' id='word_1_207' title='bbox 327 2961 457 3022; x_wconf 85' lang='lat' dir='ltr'><strong>Sed</strong></span> <span class='ocrx_word' id='word_1_208' title='bbox 498 2962 710 3023; x_wconf 90' lang='lat' dir='ltr'><strong>Venus</strong></span> <span class='ocrx_word' id='word_1_209' title='bbox 755 2969 898 3022; x_wconf 89' lang='lat' dir='ltr'><strong>ante</strong></span> <span class='ocrx_word' id='word_1_210' title='bbox 943 2960 1097 3022; x_wconf 88' lang='lat' dir='ltr'><strong>alios</strong></span> <span class='ocrx_word' id='word_1_211' title='bbox 1141 2966 1237 3021; x_wconf 88' lang='lat' dir='ltr'><strong>est</strong></span> <span class='ocrx_word' id='word_1_212' title='bbox 1276 2960 1559 3020; x_wconf 83' lang='lat' dir='ltr'><strong>violanda</strong></span> <span class='ocrx_word' id='word_1_213' title='bbox 1600 2962 1767 3020; x_wconf 89' lang='lat' dir='ltr'><strong>mihi.</strong></span> 
     </span>
     <span class='ocr_line' id='line_1_33' title="bbox 242 3041 2249 3125; baseline -0.001 -19"><span class='ocrx_word' id='word_1_214' title='bbox 242 3041 356 3106; x_wconf 78' lang='lat' dir='ltr'><strong>{lla</strong></span> <span class='ocrx_word' id='word_1_215' title='bbox 397 3044 619 3105; x_wconf 89' lang='lat' dir='ltr'><strong>malum</strong></span> <span class='ocrx_word' id='word_1_216' title='bbox 660 3047 898 3106; x_wconf 89' lang='lat' dir='ltr'><strong>facinus</strong></span> <span class='ocrx_word' id='word_1_217' title='bbox 932 3044 1151 3106; x_wconf 86' lang='lat' dir='ltr'><strong>suadet</strong></span> <span class='ocrx_word' id='word_1_218' title='bbox 1193 3043 1622 3123; x_wconf 90' lang='lat' dir='ltr'><strong>dominamque</strong></span> <span class='ocrx_word' id='word_1_219' title='bbox 1665 3062 1949 3125; x_wconf 85' lang='lat' dir='ltr'><strong>rapacem</strong></span> <span class='ocrx_word' id='word_1_220' title='bbox 2183 3053 2249 3105; x_wconf 80' lang='lat'><strong>25</strong></span> 
     </span>
     <span class='ocr_line' id='line_1_34' title="bbox 325 3128 1742 3208; baseline 0.003 -21"><span class='ocrx_word' id='word_1_221' title='bbox 325 3129 446 3187; x_wconf 86' lang='lat' dir='ltr'><strong>Dat</strong></span> <span class='ocrx_word' id='word_1_222' title='bbox 486 3130 667 3188; x_wconf 79' lang='lat' dir='ltr'><strong>mihi:</strong></span> <span class='ocrx_word' id='word_1_223' title='bbox 712 3129 1044 3208; x_wconf 82' lang='lat' dir='ltr'><strong>sacrilegas</strong></span> <span class='ocrx_word' id='word_1_224' title='bbox 1089 3131 1318 3190; x_wconf 88' lang='lat' dir='ltr'><strong>sentiat</strong></span> <span class='ocrx_word' id='word_1_225' title='bbox 1358 3128 1470 3188; x_wconf 86' lang='lat' dir='ltr'><strong>illa</strong></span> <span class='ocrx_word' id='word_1_226' title='bbox 1514 3146 1742 3191; x_wconf 87' lang='lat' dir='ltr'><strong>manus.</strong></span> 
     </span>
     <span class='ocr_line' id='line_1_35' title="bbox 243 3210 1985 3292; baseline -0.001 -20"><span class='ocrx_word' id='word_1_227' title='bbox 243 3213 296 3272; x_wconf 92' lang='grc' dir='ltr'><strong>Ο</strong></span> <span class='ocrx_word' id='word_1_228' title='bbox 341 3220 600 3292; x_wconf 86' lang='lat' dir='ltr'><strong>pereat,</strong></span> <span class='ocrx_word' id='word_1_229' title='bbox 647 3214 995 3292; x_wconf 88' lang='lat' dir='ltr'><strong>quicunque</strong></span> <span class='ocrx_word' id='word_1_230' title='bbox 1038 3211 1196 3291; x_wconf 86' lang='lat' dir='ltr'><strong>legit</strong></span> <span class='ocrx_word' id='word_1_231' title='bbox 1236 3213 1591 3291; x_wconf 87' lang='lat' dir='ltr'><strong>viridesque</strong></span> <span class='ocrx_word' id='word_1_232' title='bbox 1634 3210 1985 3288; x_wconf 81' lang='lat' dir='ltr'><strong>smaragdos</strong></span> 
     </span>
     <span class='ocr_line' id='line_1_36' title="bbox 322 3294 1667 3375; baseline -0.004 -19"><span class='ocrx_word' id='word_1_233' title='bbox 322 3294 407 3356; x_wconf 86' lang='lat' dir='ltr'><strong>Et</strong></span> <span class='ocrx_word' id='word_1_234' title='bbox 446 3298 685 3356; x_wconf 79' lang='lat' dir='ltr'><strong>niveam</strong></span> <span class='ocrx_word' id='word_1_235' title='bbox 730 3296 924 3375; x_wconf 78' lang='lat' dir='ltr'><strong>Tyrio</strong></span> <span class='ocrx_word' id='word_1_236' title='bbox 969 3298 1202 3355; x_wconf 89' lang='lat' dir='ltr'><strong>murice</strong></span> <span class='ocrx_word' id='word_1_237' title='bbox 1247 3298 1434 3374; x_wconf 85' lang='lat' dir='ltr'><strong>tingit</strong></span> <span class='ocrx_word' id='word_1_238' title='bbox 1476 3312 1667 3354; x_wconf 86' lang='lat' dir='ltr'><strong>ovem.</strong></span> 
     </span>
     <span class='ocr_line' id='line_1_37' title="bbox 238 3374 1642 3457; baseline -0.004 -17"><span class='ocrx_word' id='word_1_239' title='bbox 238 3379 360 3440; x_wconf 85' lang='lat' dir='ltr'><strong>Hic</strong></span> <span class='ocrx_word' id='word_1_240' title='bbox 405 3377 511 3439; x_wconf 90' lang='lat' dir='ltr'><strong>dat</strong></span> <span class='ocrx_word' id='word_1_241' title='bbox 550 3380 841 3440; x_wconf 80' lang='lat' dir='ltr'><strong>avaritiae</strong></span> <span class='ocrx_word' id='word_1_242' title='bbox 886 3398 1096 3439; x_wconf 86' lang='lat' dir='ltr'><strong>causas</strong></span> <span class='ocrx_word' id='word_1_243' title='bbox 1120 3385 1198 3438; x_wconf 84' lang='lat' dir='ltr'><strong>et</strong></span> <span class='ocrx_word' id='word_1_244' title='bbox 1242 3381 1371 3439; x_wconf 85' lang='lat' dir='ltr'><strong>Coa</strong></span> <span class='ocrx_word' id='word_1_245' title='bbox 1411 3374 1642 3457; x_wconf 86' lang='lat' dir='ltr'><strong>puellis</strong></span> 
     </span>
     <span class='ocr_line' id='line_1_38' title="bbox 324 3460 2250 3530; baseline -0.003 -6"><span class='ocrx_word' id='word_1_246' title='bbox 324 3463 536 3524; x_wconf 86' lang='lat' dir='ltr'><strong>Vestis</strong></span> <span class='ocrx_word' id='word_1_247' title='bbox 581 3469 645 3523; x_wconf 89' lang='lat' dir='ltr'><strong>et</strong></span> <span class='ocrx_word' id='word_1_248' title='bbox 686 3482 721 3524; x_wconf 92' lang='lat' dir='ltr'><strong>e</strong></span> <span class='ocrx_word' id='word_1_249' title='bbox 765 3465 953 3524; x_wconf 88' lang='lat' dir='ltr'><strong>rubro</strong></span> <span class='ocrx_word' id='word_1_250' title='bbox 997 3460 1206 3521; x_wconf 90' lang='lat' dir='ltr'><strong>lucida</strong></span> <span class='ocrx_word' id='word_1_251' title='bbox 1248 3462 1482 3521; x_wconf 88' lang='lat' dir='ltr'><strong>concha</strong></span> <span class='ocrx_word' id='word_1_252' title='bbox 1524 3464 1693 3520; x_wconf 89' lang='lat' dir='ltr'><strong>mari.</strong></span> <span class='ocrx_word' id='word_1_253' title='bbox 2181 3480 2250 3530; x_wconf 82' lang='lat'><strong>30</strong></span> 
     </span>
    </p>
   </div>
  </div>
 </body>
</html>
