2578 3898
335 184 376 242 4
1030 180 1319 243 TIBULLI
1360 180 1495 245 LIB.
1529 181 1574 248 Ι.
1608 193 1661 246 2.

332 346 447 409 Illa
487 350 620 409 viro
650 345 875 409 'coram
913 356 1096 419 nutus
1137 349 1428 410 conferre
1469 349 1762 428 loquaces

415 430 773 511 Blandaque
817 435 1175 513 compositis
1207 433 1439 493 abdere
1481 435 1670 494 verba
1711 435 1894 496 notis·

329 515 460 575 Nec
505 516 689 576 docet
731 518 850 575 hoc
893 518 1122 594 omnis,
1166 515 1280 575 sed
1320 537 1472 595 quos
1508 536 1625 576 nec
1667 520 1896 581 inertia
1939 519 2144 582 tardat

414 598 542 659 Nec
585 606 752 659 vetat
798 600 1058 660 obscura
1095 618 1354 678 surgere
1396 607 1581 660 nocte
1623 603 1829 666 timor.

329 683 426 742 En
469 702 584 762 ego
630 703 765 742 cum
807 685 1086 744 tenebris
1128 691 1259 743 tota
1295 702 1484 762 vagor
1525 687 1735 747 anxius
1778 688 1966 762 urbe,

327 851 456 910 Nec
505 851 653 909 sinit
696 858 982 910 occurrat
1024 853 1377 930 quisquam,
1423 853 1527 930 qui
1572 872 1833 932 corpora
1871 854 2045 915 ferro
2221 856 2236 859 ’
2266 865 2335 918 25

412 932 719 995 Vulneret
758 941 862 994 aut
903 943 1080 1014 rapta
1117 937 1391 1015 praemia
1433 943 1606 995 veste
1642 942 1834 1016 petat.
2011 1006 2014 1015 A

325 1019 614 1096 Quisquis
659 1037 865 1078 amore
909 1026 1193 1098 tenetur,
1238 1027 1341 1079 eat
1382 1026 1675 1098 tutusque
1718 1040 2016 1099 sacerque

411 1101 730 1178 Qualibet:
774 1101 1029 1163 insidias
1072 1122 1194 1162 non
1236 1105 1513 1163 timuisse
1558 1103 1760 1164 decet.

321 1185 461 1245 Non
502 1187 650 1245 mihi
690 1187 866 1265 pigra
909 1193 1136 1246 nocent
1173 1188 1473 1247 hibernae
1516 1189 1753 1266 frigora
1794 1191 2029 1268 noctis,

367 1331 371 1334 ,
406 1269 546 1329 Νοῐι
587 1271 768 1346 mihi,
813 1290 948 1330 cum
992 1269 1184 1331 multa
1226 1270 1462 1331 decidit
1501 1273 1704 1332 imber
1746 1293 1920 1351 aqua.
2259 1284 2331 1336 30

322 1352 457 1413 Non
504 1352 680 1414 labor
724 1355 826 1414 hic
864 1353 1091 1432 laedit,
1136 1364 1383 1415 reseret
1420 1355 1601 1416 modo
1645 1356 1823 1416 Delia
1862 1365 2075 1438 postes

407 1439 489 1496 Et
529 1443 711 1498 vocet
754 1436 832 1499 ad
875 1437 1053 1517 digiti
1095 1459 1194 1499 me
1237 1443 1543 1501 taciturna
1587 1460 1819 1501 sonum.

320 1521 573 1596 Parcite⁸
607 1521 972 1601 luminibus,
1016 1542 1127 1583 seu
1168 1525 1262 1583 vir
1309 1543 1417 1584 seu
1460 1525 1690 1583 femina
1731 1525 1840 1607 fiat

408 1605 631 1665 Obvia:
678 1606 870 1666 celari
914 1607 1043 1667 vult
1085 1628 1192 1668 sua
1233 1609 1401 1669 furta
1436 1609 1668 1670 VenuS.

318 1689 455 1748 Neu
493 1691 759 1769 strepitu
802 1698 1042 1753 terrete
1080 1691 1341 1772 pedum,
1379 1711 1501 1770 neu
1542 1694 1823 1772 quaerite
1861 1711 2115 1770 nomen,
2254 1701 2324 1754 35

402 1773 538 1832 Neu
580 1794 777 1855 prope
819 1775 1086 1855 fulgenti
1128 1776 1359 1837 lumina
1400 1778 1566 1837 ferte
1604 1778 1760 1838 face.

320 1856 526 1934 Siquis
566 1864 631 1917 et
671 1859 1027 1940 imprudens
1072 1862 1412 1938 aspexerit,
1458 1860 1701 1919 occulat
1737 1859 1851 1919 ille

402 1939 650 2020 Perque
695 1942 846 2004 deos
890 1962 1099 2010 omnes
1142 1961 1210 2002 se
1253 1943 1603 2002 meminisse
1645 1947 1862 2020 neget:

316 2024 466 2084 Nam
512 2026 707 2087 fuerit
751 2030 1097 2106 quicunque
1138 2025 1395 2104 loquax,
1440 2027 1493 2085 is
1536 2028 1828 2104 sanguine
1873 2030 2107 2103 natam,

400 2109 456 2168 Is
502 2110 811 2172 Venerem
857 2130 892 2171 e
935 2108 1150 2190 rapido
1196 2110 1427 2169 sentiet
1473 2127 1612 2169 esse
1656 2112 1829 2173 mari.
2250 2119 2320 2172 40

315 2192 445 2252 Nec
488 2199 690 2255 tamen
735 2196 880 2253 huic
924 2193 1142 2255 credet
1185 2195 1447 2253 coniunx
1489 2199 1665 2271 tuus,
1708 2201 1779 2254 ut
1818 2194 1968 2255 mihi
2013 2212 2195 2253 verax

399 2276 688 2337 Pollicita
732 2284 829 2336 est
869 2280 1104 2355 magico
1149 2297 1293 2355 saga
1323 2278 1697 2340 ministerio.

316 2361 492 2419 Hanc
537 2379 650 2437 ego
696 2359 776 2418 de
817 2360 990 2420 caelo
1036 2359 1363 2419 ducentem
1406 2360 1614 2419 sidera
1657 2360 1819 2438 vidi,

397 2443 701 2507 Fluminis
739 2444 892 2502 haec
934 2442 1137 2523 rapidi
1179 2445 1450 2504 carmine
1486 2445 1676 2504 vertit
1713 2446 1873 2523 iter,

314 2528 486 2586 Haec
529 2534 709 2586 cantu
743 2525 1047 2605 finditque
1089 2525 1285 2587 solum
1324 2528 1669 2607 Manesque
1713 2526 2018 2609 sepulcris
2249 2539 2317 2591 45

397 2608 591 2669 Elicit
633 2617 698 2669 et
739 2609 953 2687 tepido
999 2610 1259 2671 devocat
1301 2631 1438 2671 ossa
1475 2632 1661 2691 rogo:

313 2694 436 2752 lam
481 2699 659 2751 tenet
694 2693 972 2754 infernas
1016 2696 1252 2772 magico
1299 2695 1572 2756 stridore
1616 2702 1927 2776 catervas,

396 2777 520 2835 Iam
561 2776 736 2836 iubet
778 2797 1058 2857 aspersas
1099 2777 1265 2839 lacte
1304 2774 1554 2841 referre
1599 2780 1843 2860 pedem.

315 2861 468 2919 Cum
510 2858 698 2937 libet,
737 2861 892 2920 haec
935 2865 1103 2923 tristi
1147 2862 1417 2944 depellit
1455 2865 1666 2926 nubila
1709 2862 1917 2925 caelo:

399 2945 551 3003 Cum
593 2942 782 3023 libet,
826 2947 1057 3006 aestivo
1099 2955 1395 3007 convocat
1436 2949 1589 3008 orbe
1634 2950 1826 3009 nives.
2250 2959 2320 3010 50

313 3025 462 3087 Sola
501 3033 722 3087 tenere
763 3026 952 3088 malas
994 3029 1262 3090 Medeae
1309 3030 1535 3090 dicitur
1576 3032 1835 3108 herbas,

397 3109 545 3171 Sola
580 3111 753 3172 feros
797 3113 1073 3174 Hecatae
1110 3114 1539 3194 perdomuisse
1580 3134 1781 3175 canes.

309 3195 481 3256 Haec
522 3196 674 3255 mihi
711 3199 1054 3277 composuit
1096 3204 1343 3277 cantus,
1391 3200 1525 3277 quis
1567 3198 1794 3259 fallere
1832 3218 2075 3281 posses:

397 3280 528 3339 Ter
571 3299 754 3358 cane,
797 3288 899 3342 ter
942 3280 1124 3342 dictis
1169 3281 1404 3362 despue
1438 3284 1823 3344 carminibus.

309 3361 424 3423 llle
466 3361 624 3423 nihil
666 3366 904 3444 poterit
946 3364 1026 3426 de
1063 3367 1243 3427 nobis
1286 3366 1551 3427 credere
1594 3368 1908 3446 cuiquam,
2248 3377 2315 3428 55

393 3448 533 3507 Non
575 3448 725 3526 sibi,
765 3450 818 3509 si
858 3450 924 3507 in
968 3448 1144 3511 molli
1185 3449 1415 3512 viderit
1450 3453 1585 3532 ipse
1630 3457 1788 3512 toro.
