2578 3898
328 191 411 252 46
985 184 1275 248 TIBULLI
1317 184 1451 247 LIB.
1488 185 1586 247 IV.
1619 200 1668 252 1.

326 356 458 418 Nec
502 356 748 434 quaeris
789 353 940 434 qnid
983 370 1227 433 quaque
1269 351 1458 414 index
1500 357 1612 415 sub
1655 355 1921 434 imagine
1969 353 2165 438 dicat,

327 438 456 500 Sed
493 439 742 517 generis
781 439 1022 519 priscos
1067 436 1395 498 contendis
1435 438 1686 499 vincere
1728 440 2036 520 honores,

326 523 523 600 Quam
559 524 676 583 tibi
718 523 982 582 maiores
1022 521 1215 581 maius
1259 519 1446 581 decus
1486 522 1623 601 ipse
1662 522 1923 582 futuris:

327 607 412 667 At
452 613 557 666 tua
597 625 723 665 non
763 603 983 665 titulus
1022 605 1227 684 capiet
1269 605 1383 665 sub
1431 606 1680 665 nomine
1720 606 1916 684 facta,

326 691 604 750 Aeterno
649 688 762 749 sed
806 694 991 748 erunt
1027 689 1144 747 tibi
1187 706 1405 766 magna
1445 685 1755 748 volumina
1793 708 2011 768 versu,

327 773 836 849 Convenientque
878 777 1015 831 tuas
1059 770 1267 851 cupidi
1314 790 1688 851 componere
1730 770 1946 833 laudes

325 855 618 933 Undique
664 856 893 934 quique
939 858 1164 914 canent
1202 855 1411 915 vincto
1453 853 1618 935 pede
1663 856 1889 934 quique
1935 853 2161 916 soluto.

325 939 476 1015 Quis
516 939 758 1018 potior,
801 944 1115 998 certamen
1159 939 1317 997 erit:
1363 939 1476 997 sim
1513 940 1712 997 victor
1753 939 1819 996 in
1861 937 2026 1018 illis,

322 1022 404 1082 Ut
440 1027 720 1082 nostrum
762 1023 950 1081 tantis
993 1023 1324 1081 inscribam
1367 1039 1593 1080 nomen
1632 1022 1699 1080 in
1737 1023 1908 1082 actis.

407 1104 561 1165 Nam
605 1106 740 1183 quis
782 1111 848 1165 te
889 1105 1121 1165 maiora
1161 1105 1327 1182 gerit
1368 1105 1662 1165 castrisve
1702 1105 1969 1165 forove?

321 1188 453 1250 Nec
488 1193 695 1248 tamen
736 1189 839 1249 hic
881 1196 985 1249 aut
1026 1189 1128 1248 hic
1170 1188 1285 1246 tibi
1324 1186 1456 1247 laus
1498 1189 1770 1248 maiorve
1807 1190 2119 1267 minorve,

322 1272 486 1331 Iusta
525 1273 663 1351 pari
703 1274 1008 1351 premitur
1046 1268 1243 1330 veluti
1287 1288 1423 1328 cum
1466 1262 1747 1350 pondere
1789 1268 1986 1349 libra,

320 1354 527 1415 Prona
569 1374 686 1415 nec
725 1357 839 1418 hac
875 1354 1016 1436 plus
1051 1359 1233 1434 parte
1275 1352 1457 1413 sedet
1496 1372 1614 1415 nec
1657 1356 1856 1433 surgit
1898 1357 1972 1415 ab
2014 1353 2159 1433 illa,

321 1435 567 1516 Qualis,
610 1439 1004 1517 inaequatum
1048 1439 1102 1498 si
1143 1435 1388 1516 quando
1430 1458 1585 1500 onus
1627 1445 1811 1517 urget
1849 1440 2177 1517 utrinque,

321 1520 630 1582 Instabilis
673 1529 844 1583 natat
885 1522 1129 1582 alterno
1174 1521 1535 1601 depressior
1578 1525 1749 1583 orbe.

403 1605 557 1666 Nam
592 1625 702 1665 seu
746 1606 976 1667 diversi
1012 1606 1240 1666 fremat
1278 1605 1691 1665 inconstantia
1732 1605 1931 1686 vulgi,

318 1688 457 1748 Non
500 1686 657 1749 alius
702 1689 923 1749 sedare
965 1696 1182 1768 queat:
1224 1706 1338 1749 seu
1374 1689 1597 1750 iudicis
1637 1691 1732 1752 ira

319 1772 417 1832 Sit
457 1770 819 1852 placanda?
832 1774 955 1834 tuis
994 1775 1232 1855 poterit
1273 1774 1604 1834 mitescere
1644 1775 1868 1834 verbis.

317 1855 456 1916 Non
500 1855 687 1935 Pylos
733 1864 837 1917 aut
877 1859 1088 1918 Ithace
1128 1864 1336 1917 tantos
1380 1858 1666 1933 genuisse
1709 1857 1997 1914 feruntur

316 1939 582 2000 Nestora
621 1939 722 2001 vel
762 1962 987 2021 parvae
1027 1959 1309 2017 magnum
1350 1938 1538 1998 decus
1580 1938 1751 1997 urbis
1794 1936 2051 2015 Ulixen,

324 2024 569 2086 Vixerit
610 2024 722 2086 ille
761 2044 954 2087 senex
997 2024 1300 2103 quamvis,
1346 2019 1488 2079 dum
1529 2026 1712 2079 terna
1751 2038 1870 2100 per
1913 2023 2128 2081 orbem

318 2107 578 2168 Saecula
614 2107 929 2169 fertilibus
973 2108 1160 2169 Titan
1200 2103 1572 2165 decurreret
1613 2105 1819 2180 horis,

316 2190 428 2252 Ille
469 2211 585 2271 per
625 2194 866 2270 ignotas
908 2190 1103 2251 audax
1144 2187 1449 2249 erraverit
1490 2190 1710 2265 urbes,

315 2276 450 2352 Qua
491 2278 675 2336 maris
715 2275 1005 2335 extremis
1046 2271 1236 2333 tellus
1275 2269 1618 2332 includitur
1660 2271 1856 2334 undis.

315 2359 465 2421 Nam
509 2360 926 2436 Ciconumque
967 2374 1179 2416 manus
1221 2354 1496 2415 adversis
1539 2354 1817 2435 reppulit
1852 2357 2069 2435 armis,

313 2442 444 2503 Nec
485 2441 674 2504 ,valuit
715 2439 881 2502 lotos
923 2446 1180 2519 coeptos
1216 2446 1501 2499 avertere
1543 2459 1788 2516 cursus,

315 2526 521 2586 Cessit
563 2532 629 2586 et
670 2525 984 2587 Aetnaeae
1022 2523 1366 2603 Neptunius
1408 2522 1612 2583 incola
1652 2524 1823 2604 rupis

312 2608 494 2670 Victa
529 2609 828 2667 Maroneo
869 2604 1155 2667 foedatus
1197 2606 1429 2666 lumina
1466 2607 1738 2666 Baccho:

311 2691 498 2753 Vexit
537 2697 605 2750 et
643 2688 899 2751 Aeolios
938 2689 1248 2771 placidum
1287 2708 1405 2771 per
1445 2689 1651 2750 Nerea
1688 2696 1933 2769 ventos:

311 2772 584 2834 Incultos
633 2773 785 2835 adiit
821 2775 1271 2854 Laestrygonas
1314 2774 1857 2854 Antiphatenque‚

309 2856 550 2918 Nobilis
591 2858 843 2920 Artacie
886 2857 1093 2937 gelida
1137 2877 1291 2939 quos
1333 2860 1553 2937 irrigat
1596 2858 1790 2918 unda:

311 2939 521 3001 Solum
560 2959 678 3001 nec
720 2941 940 3004 doctae
976 2949 1303 3004 verterunt
1344 2939 1569 3023 pocula
1612 2942 1860 3016 Circes,

309 3024 594 3100 Quamvis
634 3024 747 3086 illa
785 3027 953 3087 foret
997 3026 1160 3087 Solis
1203 3046 1429 3106 genus,
1474 3030 1614 3103 apta
1653 3022 1753 3082 vel
1795 3022 2010 3082 herbis

307 3108 595 3188 Aptaque
633 3108 735 3172 vel
772 3118 955 3172 cantu
997 3118 1245 3172 veteres
1285 3116 1524 3169 mutare
1559 3105 1816 3183 figuras:

309 3192 685 3255 Cimmerion
727 3196 913 3256 etiam
956 3197 1246 3256 obscuras
1288 3191 1547 3252 accessit
1589 3187 1669 3249 ad
1708 3189 1901 3270 arcis,

308 3277 458 3352 Quis
498 3296 806 3358 nunquam
849 3278 1153 3341 candente
1190 3276 1323 3336 dies
1364 3273 1647 3355 apparuit
1676 3280 1840 3352 ortu,

308 3359 431 3422 Seu
474 3380 660 3441 supra
698 3368 903 3423 terras
945 3362 1233 3422 Phoebus
1271 3378 1382 3419 seu
1427 3365 1713 3419 curreret
1753 3358 1945 3420 infra:

302 3441 511 3523 Vidit,
549 3451 619 3507 ut
659 3446 906 3506 inferno
948 3444 1230 3506 Plutonis
1275 3440 1520 3504 subdita
1562 3459 1756 3520 regno

2262 370 2335 424 30

2262 783 2332 837 35

2259 1615 2329 1667 45

2257 2034 2331 2084 50

2256 2454 2325 2503 55

2250 2868 2322 2922 60

2248 3282 2320 3336 65
