2578 3898
700 186 992 247 'rmum
1037 185 1450 267 (mooun)
1487 185 1624 250 Lm.
1655 186 1757 250 m.
1790 199 1843 252 6.
2167 190 2249 251 43

245 356 568 415 Armenias
608 356 805 433 tigres
842 360 908 415 et
939 353 1139 416 fulvas
1184 352 1302 415 ille
1344 353 1592 415 leaenas
2186 365 2251 425 15

331 439 500 500 Vicit
541 445 607 499 et
648 438 964 499 indomitis
1007 436 1220 498 mollia
1261 438 1451 498 corda
1493 438 1684 500 dedit.

243 521 417 583 Haec
453 523 644 582 Amor
689 529 754 582 et
795 523 1027 582 maiora
1067 520 1248 583 valet.
1294 521 1409 582 sed
1446 524 1687 602 poscite
1729 522 1959 584 Bacchi

327 605 623 667 Munera:
669 624 850 684 quem
891 611 1166 668 vestrum
1207 606 1429 685 pocula
1472 606 1635 666 sicca
1669 607 1923 667 iuvant?

244 689 550 749 Convenit
590 707 667 751 ex
711 708 905 768 aequo
946 707 1065 750 nec
1106 696 1320 750 torvus
1362 690 1552 750 Liber
1592 690 1659 749 in
1699 689 1864 768 illis,

331 773 450 849 Qui
491 792 560 834 se
600 774 828 853 quique
871 794 990 834 uua
1030 774 1171 833 vina
1209 775 1419 834 iocosa
1460 771 1706 834 colunt:
2179 784 2249 837 20

244 857 550 916 Convenit
590 858 783 918 iratus
826 858 1079 918 nimium
1116 858 1492 936 nimiumque
1535 875 1816 918 severos:

328 940 448 1015 Qui
489 941 669 1001 timet
711 943 856 1002 irati
900 942 1149 1003 numina
1186 959 1435 1019 magna,
1478 942 1669 1001 bibat.

242 1022 470 1100 Quales
513 1024 610 1084 his
652 1043 891 1104 poenas.
929 1023 1129 1103 qualis
1169 1030 1554 1102 quantusque
1596 1025 1901 1102 minetur,

328 1106 633 1168 Cadmeae
669 1110 885 1169 matris
923 1107 1156 1188 praeda
1192 1114 1449 1169 cruenta
1489 1106 1692 1169 docet.

242 1190 370 1251 Sed
405 1189 623 1270 procul
664 1212 701 1252 a
738 1193 918 1253 nobis
954 1193 1058 1252 hic
1101 1193 1185 1252 sit
1224 1193 1443 1270 timor,
1487 1191 1753 1272 illaque,
1794 1191 1969 1272 siqua
2011 1196 2138 1270 est,
2179 1198 2247 1251 25

325 1274 489 1350 Quid
528 1274 732 1335 valeat
767 1275 924 1336 laesi
963 1277 1193 1336 sentiat
1231 1277 1329 1336 ira
1369 1274 1490 1336 dei.

241 1357 407 1436 Quid
445 1376 673 1436 precor
714 1360 791 1418 ah
834 1358 1135 1419 demens?
1177 1360 1346 1418 venti
1390 1358 1722 1419 temeraria
1760 1363 1932 1435 vota,

324 1444 551 1502 Aeriae
594 1448 660 1501 et
697 1442 894 1502 nubes
939 1440 1291 1521 diripienda
1333 1441 1559 1500 ferant.

152 1554 153 1557 ยน
244 1527 529 1603 Quamvis
571 1524 739 1585 nulla
777 1526 901 1585 mei
943 1530 1231 1604 superest
1273 1525 1391 1584 tibi
1434 1543 1615 1598 cura,
1658 1522 1931 1600 Neaera,

326 1610 425 1669 Sis
464 1600 652 1686 felix,
694 1615 760 1669 et
802 1610 929 1669 sint
971 1608 1232 1668 candida
1272 1607 1401 1667 fata
1444 1611 1566 1666 tua.
2175 1614 2246 1668 30

212 1694 327 1761 ,At
368 1711 482 1752 nos
525 1711 782 1753 securae
824 1690 1152 1752 reddamus
1201 1698 1484 1769 tempora
1527 1705 1806 1749 mensae:

324 1776 517 1838 Venit
558 1780 703 1856 post
736 1773 961 1835 multos
1001 1794 1122 1834 una
1164 1792 1387 1834 serena
1430 1772 1584 1832 dies.

238 1861 364 1922 Hei
403 1860 587 1939 mihi,
633 1858 892 1919 difficile
936 1866 1034 1920 est
1076 1859 1305 1919 imitari
1348 1854 1567 1935 gaudia
1607 1851 1799 1932 falsa,

322 1941 597 2005 Difficile
641 1949 739 2004 est
777 1944 947 2004 tristi
987 1942 1226 2021 fingere
1264 1947 1474 2002 mente
1514 1939 1748 2017 iocum,

237 2028 370 2090 Nec
411 2030 573 2088 bene
607 2025 889 2087 mendaci
921 2028 1084 2088 risus
1129 2025 1516 2106 componitur
1560 2041 1704 2100 ore,
2175 2028 2242 2081 35

323 2111 455 2171 Nec
496 2112 658 2170 hene
692 2109 980 2170 sollicitis
1023 2110 1195 2169 ebria
1236 2110 1427 2168 verba
1459 2112 1697 2166 sonant.

242 2195 406 2273 Quid
450 2212 679 2273 queror
720 2192 984 2253 infelix?
1023 2199 1239 2271 turpes
1279 2189 1581 2251 discedite
1624 2205 1835 2247 curae:

326 2278 477 2339 Odit
517 2278 798 2338 Lenaeus
840 2278 1046 2336 tristia
1085 2278 1273 2335 verba
1313 2284 1511 2355 pater.

240 2364 506 2437 Gnosia,
552 2363 839 2421 Theseae
884 2360 1188 2439 quondam
1229 2358 1505 2439 periuria
1543 2355 1791 2434 linguae

323 2445 585 2506 Flevisti
628 2446 838 2524 ignoto
881 2442 1014 2504 sola
1055 2442 1279 2503 relicta
1320 2442 1509 2500 mari:
2174 2445 2245 2497 40

240 2529 346 2591 Sic
391 2530 620 2590 cecinit
659 2548 774 2608 pro
818 2535 882 2589 te
926 2528 1176 2604 doctus,
1221 2525 1458 2601 Minoi,
1502 2520 1784 2584 Catullus
2315 2521 2332 2536 โน

327 2615 554 2692 Ingrati
587 2614 874 2674 referens
914 2613 1100 2692 impia
1139 2612 1304 2671 facta
1343 2609 1480 2670 viri.

239 2697 371 2761 Vos
417 2716 532 2776 ego
570 2716 734 2757 nunc
776 2715 1033 2756 moneo:
1076 2693 1264 2770 felix,
1309 2693 1658 2772 quicunque
1703 2685 1925 2747 dolore

324 2780 606 2842 Alterius
650 2780 851 2839 disces
895 2795 1079 2858 posse
1124 2794 1341 2836 carere
1382 2781 1515 2833 tuo.

240 2864 372 2927 Nec
414 2884 519 2924 vos
562 2869 666 2923 aut
702 2863 948 2942 capiant
984 2858 1322 2941 pendentia
1362 2854 1613 2916 brachia
1654 2850 1813 2913 collo
2178 2859 2245 2912 45

327 2950 453 3010 Aut
491 2946 667 3008 fallat
707 2943 930 3006 blanda
971 2942 1222 3004 sordida
1259 2939 1471 3019 lingua
1508 2954 1717 3017 prece.

242 3033 381 3094 Etsi
413 3050 654 3111 perque
697 3049 840 3091 suos
883 3027 1074 3089 fallax
1113 3026 1336 3087 iuravit
1380 3022 1611 3084 ocellos

327 3115 743 3191 Iunonemque
786 3132 955 3174 suam
997 3130 1235 3192 perque
1274 3128 1443 3170 suam
1484 3109 1834 3182 Venerem,

244 3198 428 3260 Nulla
462 3197 621 3257 fides
661 3198 882 3256 inerit:
924 3196 1201 3275 periuria
1241 3193 1412 3253 ridet
1453 3194 1759 3250 amantum

330 3282 608 3362 Iuppiter
650 3285 716 3339 et
752 3286 968 3338 ventos
1010 3279 1190 3338 irrita
1224 3278 1399 3337 ferre
1439 3275 1632 3333 iubet.
2177 3276 2251 3329 50

244 3366 411 3443 Ergo
456 3364 605 3444 quid
646 3364 880 3424 totiens
920 3358 1166 3421 fallacis
1198 3361 1389 3421 verba
1428 3354 1679 3437 puellae

331 3447 744 3530 Conqueror?
785 3448 874 3508 ite
919 3466 956 3506 a
991 3462 1125 3526 me,
1166 3446 1331 3505 seria
1370 3443 1592 3520 verba,
1634 3434 1875 3521 procul.
