2578 3898
924 198 1214 259 TIBULLI
1253 198 1390 259 LlB.
1425 198 1493 259 ΙΙ.
1526 207 1580 262 3.
2189 196 2266 256 27

266 371 322 431 Ο
359 388 509 449 ego,
553 387 689 428 cum
733 367 1070 445 aspicerem
1111 364 1450 446 dominam,
1492 387 1670 448 quam
1707 368 1962 429 fortiter
2000 365 2131 426 illic
2237 376 2269 426 5

351 454 683 515 Versarem
730 450 934 510 valido
972 451 1201 529 pingue
1244 451 1500 512 bidente
1539 452 1737 512 solum

264 534 723 616 Agricolaeque
770 532 952 595 modo
997 553 1242 593 curvum
1280 542 1559 596 sectarer
1603 542 1906 611 aratrum,

351 622 507 680 Dum
547 619 840 695 subigunt
883 616 1131 678 steriles
1171 638 1313 678 arva
1355 619 1621 680 serenda
1663 618 1880 678 boves!

265 704 401 764 Nec
445 719 784 782 quererer,
833 700 996 779 quod
1039 699 1134 760 sol
1178 701 1441 778 graciles
1484 708 1776 762 exureret
1818 707 2018 776 artus,

350 784 666 846 Laederet
707 791 779 844 et
816 791 1063 844 teneras
1101 784 1348 862 pustula
1388 793 1569 865 rupta
1605 805 1833 845 manus.
2206 790 2273 843 10

263 872 440 931 Pavit
483 875 551 929 et
587 867 838 928 Admeti
876 874 1083 927 tauros
1127 868 1434 928 formosus
1473 868 1732 949 Apollo,

351 954 477 1012 Nec
520 952 757 1011 cithara
797 952 1078 1011 intonsae
1119 952 1568 1030 profueruntve
1609 971 1852 1028 comae,

263 1038 394 1098 Nec
437 1036 642 1115 potuit
688 1054 864 1094 curas
909 1054 1126 1094 sanare
1169 1033 1517 1096 salubribus
1560 1038 1803 1096 herbis:

352 1116 661 1196 Quicquid
705 1123 841 1178 erat
880 1117 1157 1178 medicae
1195 1120 1431 1178 vicerat
1474 1122 1624 1179 artis
1670 1139 1857 1179 amor.

266 1205 406 1284 Ipse
453 1201 604 1262 deus
645 1200 864 1261 solitus
901 1201 1158 1261 stabulis
1203 1201 1523 1282 expellere
1563 1221 1774 1263 vaccas

262 1372 347 1432 Et
392 1371 659 1430 miscere
697 1388 854 1428 novo
902 1367 1184 1429 docuisse
1224 1368 1478 1446 coagula
1519 1369 1715 1445 lacte,

351 1452 661 1513 *Lacteus
705 1458 773 1512 et
811 1453 1032 1512 mixtus
1077 1453 1422 1529 obriguisse
1459 1452 1685 1532 liquor.

264 1538 424 1597 Tum
469 1534 712 1597 fiscella
751 1534 877 1596 levi
920 1535 1171 1595 detexta
1214 1542 1313 1595 est
1353 1538 1579 1597 vimine
1623 1538 1822 1614 iunci,
2208 1546 2269 1595 15

348 1622 633 1698 Raraque
674 1639 790 1699 per
830 1638 1023 1680 nexus
1069 1626 1166 1680 est
1206 1621 1304 1679 via
1345 1621 1509 1681 facta
1551 1639 1713 1681 sero.

266 1706 319 1765 Ο
366 1706 652 1782 quotiens
690 1702 803 1766 illo
845 1701 1104 1763 vitulum
1148 1709 1434 1780 gestante
1469 1723 1586 1783 per
1629 1721 1807 1782 agros

351 1789 593 1847 Dicitur
637 1804 968 1846 occurrens
1007 1787 1329 1846 erubuisse
1373 1788 1583 1847 soror!

273 1872 326 1931 Ο
380 1872 666 1949 quotiens
711 1889 924 1947 ausae,
970 1876 1223 1930 caneret
1264 1868 1406 1930 dum
1449 1870 1613 1932 valle
1656 1871 1767 1931 sub
1813 1870 1968 1947 alta,

346 1957 657 2035 Rumpere
698 1956 932 2033 mugitu
975 1956 1243 2016 carmina
1285 1954 1467 2016 docta
1512 1957 1729 2018 boves!
1869 1999 1876 2003 -
1944 1996 1949 2001 -
2205 1962 2274 2014 20

265 2040 465 2119 Saepe
512 2038 700 2099 duces
745 2038 1010 2118 trepidis
1051 2041 1298 2118 petiere
1345 2040 1590 2101 oracula
1634 2042 1854 2117 rebus,

347 2123 541 2185 Venit
582 2129 648 2182 et
692 2143 727 2182 a
763 2121 1014 2200 templis
1059 2124 1239 2181 irrita
1280 2126 1463 2182 turba
1507 2124 1783 2183 domum:

264 2208 467 2286 Saepe
510 2208 774 2265 horrere
819 2224 1026 2264 sacros
1062 2203 1260 2264 doluit
1300 2206 1536 2266 Latona
1578 2204 1865 2285 capillos,

350 2292 517 2367 Quos
562 2289 860 2349 admirata
901 2295 998 2348 est
1038 2290 1172 2369 ipsa
1212 2307 1479 2349 noverca
1518 2291 1710 2370 prius.

268 2374 561 2452 Quisquis
603 2374 1076 2450 inornatumque
1117 2379 1300 2452 caput
1342 2375 1671 2454 crinesque
1715 2371 1949 2434 solutos
2205 2379 2271 2430 25

349 2458 714 2537 Aspiceret,
753 2456 993 2516 Phoebi
1036 2463 1371 2536 quaereret
1410 2457 1521 2519 ille
1569 2477 1818 2519 comam.

263 2540 454 2601 Delos
498 2541 604 2600 ubi
640 2560 840 2617 nunc,
885 2541 1172 2618 Phoebe,
1215 2546 1320 2600 tua
1365 2548 1492 2620 est,
1531 2544 1636 2602 ubi
1679 2541 1982 2621 Delphica
2023 2539 2223 2617 Pytho
2240 2538 2271 2594 ’.2

346 2624 582 2703 Nempe
624 2643 793 2684 amor
832 2626 894 2683 in
934 2644 1118 2704 parva
1160 2630 1227 2684 te
1269 2626 1446 2685 iubet
1487 2645 1623 2687 esse
1663 2646 1816 2686 casa.

261 2708 510 2769 Felices
551 2706 735 2785 olim,
779 2709 1016 2770 Veneri
1059 2727 1194 2768 cum
1233 2708 1439 2769 fertur
1480 2716 1697 2789 aperte

351 2792 604 2852 Servire
649 2797 936 2850 aeternos
976 2810 1102 2850 non
1144 2790 1437 2868 puduisse
1481 2792 1649 2851 deos.
2204 2795 2272 2848 30

267 2874 507 2937 Fabula
553 2887 731 2932 nunc<
759 2872 869 2933 ille
914 2880 1042 2933 est:
1091 2872 1204 2932 sed
1245 2876 1346 2934 cui
1387 2894 1496 2934 sua
1538 2894 1685 2936 cura
1719 2871 1932 2953 puella
1974 2878 2101 2950 est,

353 2956 593 3019 Fabula
638 2959 720 3017 sit
763 2956 993 3017 mavult
1035 2978 1213 3037 quam
1255 2958 1391 3017 sine
1437 2978 1644 3020 amore
1687 2957 1857 3018 deus.

267 3045 351 3104 At
390 3048 492 3120 tu,
536 3042 812 3120 quisquis
854 3043 909 3102 is
953 3059 1053 3119 es,
1096 3042 1195 3101 cui
1227 3043 1396 3103 tristi
1439 3044 1649 3104 fronte
1695 3040 1935 3122 Cupido

351 3126 623 3207 Imperat
663 3132 734 3186 ut
772 3133 985 3186 nostra
1028 3128 1154 3186 sint
1194 3132 1300 3187 tua
1344 3135 1545 3188 castra
1589 3127 1801 3202 domo,

1050 3207 1082 3244 ³0¹
1460 3211 1493 3248 *

1254 3255 1286 3289 ια

266 3297 503 3355 Ferrea
544 3314 666 3353 non
707 3293 1040 3368 Venerem,
1080 3293 1193 3352 sed
1233 3295 1547 3373 praedam,
1593 3292 1836 3353 saecula
1874 3290 2158 3353 laudant:
2200 3297 2269 3351 35

351 3377 590 3438 Praeda
623 3384 829 3437 tamen
868 3374 1077 3435 multis
1117 3383 1214 3437 est
1257 3384 1511 3455 operata
1553 3375 1746 3439 malis.

266 3460 506 3521 Praeda
549 3461 715 3521 feras
763 3461 927 3520 acies
971 3461 1162 3520 cinxit
1205 3459 1594 3523 discordibus
1637 3464 1853 3523 armis:
