2578 3898
843 214 1132 277 TIBULLI
1167 215 1304 276 LIB.
1332 217 1375 276 1.
1410 226 1461 279 8.
1497 228 1549 281 9.

257 388 345 447 Et
388 394 492 447 tua
528 388 644 445 iam
686 385 840 445 fletu
879 384 1109 445 lumina
1152 386 1320 446 fessa
1360 391 1620 445 tument.

171 470 493 546 Oderunt,
536 466 805 546 Pholoe,
849 488 1103 547 moneo,
1146 469 1396 529 fastidia
1439 469 1596 544 divi,

258 555 390 613 Nec
431 552 689 633 prodest
735 555 961 613 sanctis
1002 559 1142 613 tura
1187 552 1434 613 dedisse
1476 553 1655 613 focis.

170 639 297 698 Hic
341 638 660 698 Marathus
706 637 1009 715 quondam
1052 640 1311 698 miseros
1352 636 1618 697 ludebat·
1655 643 1956 719 amanteS,

260 722 517 781 Nescius
559 719 826 779 ultorem
862 727 1006 799 post
1042 729 1225 801 caput
1265 740 1406 781 esse
1451 721 1664 780 deum:

176 805 378 883 Saepe
424 806 607 864 etiam
646 802 918 862 lacrimis
960 804 1165 865 fertur
1208 808 1424 865 risisse
1469 805 1740 866 dolentis

258 890 343 949 Et
387 888 671 968 cupidum
714 888 858 946 ficta
897 887 1236 949 detinuisse
1279 908 1481 948 mora:

173 972 352 1033 Nunc
397 973 591 1031 omnis
636 970 768 1029 odit
812 972 1039 1050 fastus„
1077 989 1241 1031 nunc
1285 970 1579 1051 displicet
1620 971 1719 1031 illi

262 1057 676 1133 Quaecunque
720 1057 1002 1133 opposita
1048 1063 1145 1116 est
1189 1057 1369 1115 ianua
1412 1055 1564 1114 dura
1607 1074 1763 1117 sera.

175 1140 262 1198 At
301 1145 365 1198 te
406 1158 608 1219 poena
645 1145 883 1215 manet,
926 1140 990 1197 ni
1036 1139 1267 1200 desinis
1313 1158 1452 1199 esse
1495 1140 1777 1218 superba.

263 1223 454 1299 Quam
491 1224 701 1303 cupies
748 1224 905 1282 votis
946 1224 1111 1283 hunc
1153 1242 1448 1284 revocare
1491 1221 1684 1284 diem!

1120 1440 1245 1503 IX.

179 1523 350 1626 Quid
391 1556 574 1634 mihi,
617 1556 672 1615 si
712 1556 920 1616 fueras
962 1556 1224 1616 miseros
1256 1554 1539 1616 laesurus
1584 1573 1859 1633 amores,

258 1638 545 1698 Foedera
580 1657 696 1718 per
738 1639 943 1716 divos,
988 1639 1141 1699 clam
1186 1640 1502 1717 violanda,
1545 1638 1780 1699 dabas‘2

173 1726 273 1784 Ah
316 1724 534 1800 miser,
580 1722 701 1782 etsi
740 1724 875 1800 quis
915 1724 1115 1801 primo
1159 1725 1433 1802 periuria
1477 1720 1671 1798 celat,

261 1807 448 1883 Sera,
486 1811 691 1864 tamen
731 1806 936 1865 tacitis
974 1806 1181 1865 Poena
1223 1808 1393 1866 venit
1433 1805 1712 1891 pedibus.

176 1892 456 1967 Parcite,
502 1888 842 1949 caelestes,
886 1908 1147 1969 aequum
1191 1897 1287 1951 est
1330 1893 1581 1970 impune
1622 1888 1820 1949 licere

262 1976 520 2034 Numina
562 1974 850 2033 formosis
888 1972 1146 2034 laedere
1188 1983 1396 2035 vestra
1438 1974 1649 2034 semel.

175 2060 375 2118 Lucra
411 2064 633 2137 petens
675 2057 867 2117 habili
911 2065 1122 2118 tauros
1168 2059 1446 2137 adiungit
1485 2063 1689 2117 aratro

260 2143 345 2201 Et
383 2139 602 2200 durum
639 2147 847 2200 terrae
891 2143 1157 2201 rusticus
1199 2150 1382 2219 urget
1425 2160 1610 2220 opus,

176 2227 374 2285 Lucra
417 2225 721 2304 petituras
762 2223 927 2283 freta
967 2243 1083 2303 per
1125 2226 1407 2304 parentia
1449 2223 1650 2282 ventis

263 2310 506 2369 Ducunt
545 2307 869 2368 instabiles
911 2308 1117 2369 sidera
1159 2315 1331 2368 certa
1374 2313 1572 2368 rates:

176 2393 543 2453 Muneribus
586 2411 758 2452 meus
802 2397 900 2451 est
944 2400 1156 2472 captus
1196 2411 1374 2472 puer.
1415 2398 1477 2451 at
1519 2389 1670 2450 deus
1709 2386 1822 2447 illa

264 2477 331 2535 ln
373 2476 643 2534 cinerem
687 2483 754 2535 et
796 2474 1064 2556 liquidas
1103 2495 1357 2536 munera
1399 2481 1601 2535 vertat
1645 2491 1846 2551 aquas.
1923 2500 1929 2506 ·

176 2561 296 2619 Iam
338 2560 486 2617 mihi
528 2559 844 2639 persolvet
885 2579 1147 2640 poenas,
1192 2558 1518 2641 pulvisque
1559 2558 1848 2617 decorem
1924 2590 1930 2596 ·

261 2645 563 2703 Detrahet
604 2651 670 2703 et
709 2645 910 2704 ventis
945 2644 1203 2704 horrida
1240 2646 1405 2704 facta
1449 2661 1653 2717 coma,

178 2728 409 2787 Uretur
450 2728 674 2802 facies,
718 2734 977 2787 urentur
1020 2727 1151 2786 sole
1195 2726 1439 2806 capilli,

263 2810 527 2869 Deteret
569 2807 872 2867 invalidos
916 2817 982 2868 et
1021 2811 1117 2867 via
1155 2809 1339 2884 longa
1381 2807 1595 2886 pedes.

177 2893 482 2953 Admonui
530 2894 813 2969 quotiens
858 2891 1040 2950 ‘auro
1077 2908 1156 2949 ne
1198 2889 1409 2970 pollue
1453 2890 1744 2949 formam:

262 2978 462 3055 Saepe
504 2973 709 3035 solent
751 2991 900 3035 auro
945 2972 1137 3033 multa
1181 2975 1434 3034 subesse
1475 2971 1650 3033 mala.

140 3065 145 3074 '
178 3061 423 3120 Divitiis
464 3066 676 3138 captus
711 3061 902 3137 siquis
943 3057 1196 3119 violavit
1240 3076 1547 3135 amorem,

262 3146 624 3222 Asperaque
667 3150 765 3202 est
805 3140 903 3200 illi
947 3141 1345 3221 difficilisque
1385 3143 1614 3204 Venus.

180 3228 307 3288 Ure
348 3244 549 3285 meum
590 3227 794 3305 potius
833 3227 1072 3285 flamma
1115 3233 1299 3307 caput
1343 3232 1409 3285 et
1446 3233 1592 3305 pete
1632 3222 1805 3281 ferro

264 3312 503 3389 Corpus
550 3317 615 3368 et
655 3310 887 3368 intorto
933 3310 1197 3370 verbere
1238 3318 1414 3387 terga
1458 3326 1615 3368 seca.

180 3393 309 3454 Nec
349 3394 465 3452 tibi
508 3391 752 3454 celandi
796 3410 938 3472 spes
983 3392 1066 3450 sit
1101 3411 1365 3471 peccare
1407 3390 1682 3472 paranti:

266 3475 382 3536 Est
423 3473 606 3554 deus,
651 3475 928 3537 occultos
973 3475 1079 3554 qui
1116 3484 1285 3537 vetat
1326 3494 1464 3536 esse
1508 3471 1791 3615 (1010321.Ι

2103 220 2178 279 19

2113 563 2183 617 70

2011 981 2180 1034 ,75

2120 2313 2182 2364 10

2115 2728 2180 2779 15

2113 3143 2183 3198 20
