<?xml version="1.0" encoding="UTF-8"?>
<!DOCTYPE html PUBLIC "-//W3C//DTD XHTML 1.0 Transitional//EN"
    "http://www.w3.org/TR/xhtml1/DTD/xhtml1-transitional.dtd">
<html xmlns="http://www.w3.org/1999/xhtml" xml:lang="en" lang="en">
 <head>
  <title>
</title>
<meta http-equiv="Content-Type" content="text/html;charset=utf-8" />
  <meta name='ocr-system' content='tesseract 3.04.00' />
  <meta name='ocr-capabilities' content='ocr_page ocr_carea ocr_par ocr_line ocrx_word'/>
</head>
<body>
  <div class='ocr_page' id='page_1' title='image "./libriquattuorre00tibugoog_0028.png"; bbox 0 0 2578 3898; ppageno 0'>
   <div class='ocr_carea' id='block_1_1' title="bbox 302 180 1608 253">
    <p class='ocr_par' dir='ltr' id='par_1_1' title="bbox 302 180 1608 253">
     <span class='ocr_line' id='line_1_1' title="bbox 302 180 1608 253; baseline -0.004 -1"><span class='ocrx_word' id='word_1_1' title='bbox 302 192 375 253; x_wconf 91' lang='grc'><strong>14</strong></span> <span class='ocrx_word' id='word_1_2' title='bbox 984 182 1275 247; x_wconf 78' lang='lat' dir='ltr'>TIBULLI</span> <span class='ocrx_word' id='word_1_3' title='bbox 1311 181 1446 246; x_wconf 81' lang='lat' dir='ltr'><strong>Lm.</strong></span> <span class='ocrx_word' id='word_1_4' title='bbox 1477 180 1522 245; x_wconf 89' lang='lat'><strong>1.</strong></span> <span class='ocrx_word' id='word_1_5' title='bbox 1556 191 1608 247; x_wconf 87' lang='lat'><strong>6.</strong></span> 
     </span>
    </p>
   </div>
   <div class='ocr_carea' id='block_1_2' title="bbox 282 348 2293 2269">
    <p class='ocr_par' dir='ltr' id='par_1_2' title="bbox 282 348 2293 2269">
     <span class='ocr_line' id='line_1_2' title="bbox 374 348 1680 433; baseline -0.003 -18"><span class='ocrx_word' id='word_1_6' title='bbox 374 355 671 433; x_wconf 82' lang='lat' dir='ltr'><strong>Servare,</strong></span> <span class='ocrx_word' id='word_1_7' title='bbox 713 353 947 414; x_wconf 78' lang='lat' dir='ltr'><strong>frustra</strong></span> <span class='ocrx_word' id='word_1_8' title='bbox 988 350 1178 412; x_wconf 84' lang='lat' dir='ltr'><strong>clavis</strong></span> <span class='ocrx_word' id='word_1_9' title='bbox 1218 352 1385 411; x_wconf 84' lang='lat' dir='ltr'><strong>inest</strong></span> <span class='ocrx_word' id='word_1_10' title='bbox 1420 348 1680 411; x_wconf 77' lang='lat' dir='ltr'><strong>foribus.</strong></span> 
     </span>
     <span class='ocr_line' id='line_1_3' title="bbox 290 433 2293 515; baseline -0.003 -16"><span class='ocrx_word' id='word_1_11' title='bbox 290 437 387 500; x_wconf 87' lang='lat' dir='ltr'><strong>Te</strong></span> <span class='ocrx_word' id='word_1_12' title='bbox 429 443 640 515; x_wconf 89' lang='lat' dir='ltr'><strong>tenet,</strong></span> <span class='ocrx_word' id='word_1_13' title='bbox 688 438 977 497; x_wconf 85' lang='lat' dir='ltr'><strong>absentes</strong></span> <span class='ocrx_word' id='word_1_14' title='bbox 1019 433 1173 495; x_wconf 85' lang='lat' dir='ltr'><strong>alios</strong></span> <span class='ocrx_word' id='word_1_15' title='bbox 1208 434 1478 514; x_wconf 85' lang='lat' dir='ltr'><strong>suspirat</strong></span> <span class='ocrx_word' id='word_1_16' title='bbox 1518 451 1759 495; x_wconf 85' lang='lat' dir='ltr'><strong>amores</strong></span> <span class='ocrx_word' id='word_1_17' title='bbox 2223 439 2293 495; x_wconf 77' lang='lat'><strong>35</strong></span> 
     </span>
     <span class='ocr_line' id='line_1_4' title="bbox 372 516 1670 596; baseline -0.002 -15"><span class='ocrx_word' id='word_1_18' title='bbox 372 522 456 581; x_wconf 86' lang='lat' dir='ltr'><strong>Et</strong></span> <span class='ocrx_word' id='word_1_19' title='bbox 495 518 741 581; x_wconf 77' lang='lat' dir='ltr'><strong>simulat</strong></span> <span class='ocrx_word' id='word_1_20' title='bbox 779 520 981 579; x_wconf 86' lang='lat' dir='ltr'><strong>subito</strong></span> <span class='ocrx_word' id='word_1_21' title='bbox 1028 516 1423 578; x_wconf 71' lang='lat' dir='ltr'><strong>condoluisse</strong></span> <span class='ocrx_word' id='word_1_22' title='bbox 1468 523 1670 596; x_wconf 85' lang='lat' dir='ltr'><strong>caput.</strong></span> 
     </span>
     <span class='ocr_line' id='line_1_5' title="bbox 286 600 1918 665; baseline -0.002 -1"><span class='ocrx_word' id='word_1_23' title='bbox 286 605 372 665; x_wconf 88' lang='lat' dir='ltr'><strong>At</strong></span> <span class='ocrx_word' id='word_1_24' title='bbox 412 605 563 664; x_wconf 86' lang='lat' dir='ltr'><strong>mihi</strong></span> <span class='ocrx_word' id='word_1_25' title='bbox 607 601 965 664; x_wconf 84' lang='lat' dir='ltr'><strong>servandam</strong></span> <span class='ocrx_word' id='word_1_26' title='bbox 1008 600 1260 661; x_wconf 86' lang='lat' dir='ltr'><strong>credas:</strong></span> <span class='ocrx_word' id='word_1_27' title='bbox 1304 620 1431 660; x_wconf 92' lang='lat' dir='ltr'><strong>non</strong></span> <span class='ocrx_word' id='word_1_28' title='bbox 1475 618 1653 661; x_wconf 84' lang='lat' dir='ltr'><strong>saeva</strong></span> <span class='ocrx_word' id='word_1_29' title='bbox 1696 618 1918 661; x_wconf 84' lang='lat' dir='ltr'><strong>recuso</strong></span> 
     </span>
     <span class='ocr_line' id='line_1_6' title="bbox 370 681 1860 764; baseline -0.003 -16"><span class='ocrx_word' id='word_1_30' title='bbox 370 688 683 757; x_wconf 87' lang='lat' dir='ltr'><strong>Verbera,</strong></span> <span class='ocrx_word' id='word_1_31' title='bbox 731 684 1009 745; x_wconf 88' lang='lat' dir='ltr'><strong>detracto</strong></span> <span class='ocrx_word' id='word_1_32' title='bbox 1049 704 1175 745; x_wconf 90' lang='lat' dir='ltr'><strong>non</strong></span> <span class='ocrx_word' id='word_1_33' title='bbox 1216 702 1333 762; x_wconf 88' lang='lat' dir='ltr'><strong>ego</strong></span> <span class='ocrx_word' id='word_1_34' title='bbox 1375 681 1576 744; x_wconf 85' lang='lat' dir='ltr'><strong>vincla</strong></span> <span class='ocrx_word' id='word_1_35' title='bbox 1617 683 1860 764; x_wconf 87' lang='lat' dir='ltr'><strong>pedum.</strong></span> 
     </span>
     <span class='ocr_line' id='line_1_7' title="bbox 288 764 2016 850; baseline -0.002 -20"><span class='ocrx_word' id='word_1_36' title='bbox 288 770 448 831; x_wconf 91' lang='lat' dir='ltr'><strong>Tum</strong></span> <span class='ocrx_word' id='word_1_37' title='bbox 485 769 702 850; x_wconf 89' lang='lat' dir='ltr'><strong>procul</strong></span> <span class='ocrx_word' id='word_1_38' title='bbox 744 769 992 845; x_wconf 86' lang='lat' dir='ltr'><strong>absitis,</strong></span> <span class='ocrx_word' id='word_1_39' title='bbox 1036 769 1313 847; x_wconf 85' lang='lat' dir='ltr'><strong>quisquis</strong></span> <span class='ocrx_word' id='word_1_40' title='bbox 1355 766 1507 828; x_wconf 90' lang='lat' dir='ltr'><strong>colit</strong></span> <span class='ocrx_word' id='word_1_41' title='bbox 1552 776 1688 829; x_wconf 90' lang='lat' dir='ltr'><strong>arte</strong></span> <span class='ocrx_word' id='word_1_42' title='bbox 1728 764 2016 848; x_wconf 75' lang='lat' dir='ltr'><strong>capillos,</strong></span> 
     </span>
     <span class='ocr_line' id='line_1_8' title="bbox 368 851 2292 930; baseline -0.001 -17"><span class='ocrx_word' id='word_1_43' title='bbox 368 854 587 914; x_wconf 80' lang='lat' dir='ltr'><strong>Effluit</strong></span> <span class='ocrx_word' id='word_1_44' title='bbox 627 854 823 914; x_wconf 85' lang='lat' dir='ltr'><strong>effuso</strong></span> <span class='ocrx_word' id='word_1_45' title='bbox 867 852 965 911; x_wconf 87' lang='lat' dir='ltr'><strong>cui</strong></span> <span class='ocrx_word' id='word_1_46' title='bbox 998 857 1142 930; x_wconf 84' lang='lat' dir='ltr'><strong>toga</strong></span> <span class='ocrx_word' id='word_1_47' title='bbox 1181 851 1316 912; x_wconf 80' lang='lat' dir='ltr'><strong>laxa</strong></span> <span class='ocrx_word' id='word_1_48' title='bbox 1361 853 1528 911; x_wconf 81' lang='lat' dir='ltr'><strong>sinu:</strong></span> <span class='ocrx_word' id='word_1_49' title='bbox 2219 858 2292 912; x_wconf 83' lang='lat'><strong>40</strong></span> 
     </span>
     <span class='ocr_line' id='line_1_9' title="bbox 286 935 1994 1016; baseline 0 -20"><span class='ocrx_word' id='word_1_50' title='bbox 286 938 573 1016; x_wconf 77' lang='lat' dir='ltr'><strong>Quisquis</strong></span> <span class='ocrx_word' id='word_1_51' title='bbox 619 943 684 998; x_wconf 91' lang='lat' dir='ltr'><strong>et</strong></span> <span class='ocrx_word' id='word_1_52' title='bbox 723 940 1039 1011; x_wconf 83' lang='lat' dir='ltr'><strong>occurret,</strong></span> <span class='ocrx_word' id='word_1_53' title='bbox 1081 954 1162 995; x_wconf 92' lang='lat' dir='ltr'><strong>ne</strong></span> <span class='ocrx_word' id='word_1_54' title='bbox 1204 936 1405 1015; x_wconf 84' lang='lat' dir='ltr'><strong>possit</strong></span> <span class='ocrx_word' id='word_1_55' title='bbox 1450 935 1685 996; x_wconf 83' lang='lat' dir='ltr'><strong>crimen</strong></span> <span class='ocrx_word' id='word_1_56' title='bbox 1721 935 1994 1014; x_wconf 84' lang='lat' dir='ltr'><strong>habere,</strong></span> 
     </span>
     <span class='ocr_line' id='line_1_10' title="bbox 369 1016 1875 1101; baseline 0 -21"><span class='ocrx_word' id='word_1_57' title='bbox 369 1020 506 1082; x_wconf 88' lang='lat' dir='ltr'><strong>Stet</strong></span> <span class='ocrx_word' id='word_1_58' title='bbox 548 1018 795 1101; x_wconf 85' lang='lat' dir='ltr'><strong>procul,</strong></span> <span class='ocrx_word' id='word_1_59' title='bbox 842 1026 946 1079; x_wconf 86' lang='lat' dir='ltr'><strong>aut</strong></span> <span class='ocrx_word' id='word_1_60' title='bbox 987 1019 1107 1079; x_wconf 85' lang='lat' dir='ltr'><strong>alia</strong></span> <span class='ocrx_word' id='word_1_61' title='bbox 1148 1025 1276 1079; x_wconf 89' lang='lat' dir='ltr'><strong>stet</strong></span> <span class='ocrx_word' id='word_1_62' title='bbox 1311 1016 1530 1098; x_wconf 87' lang='lat' dir='ltr'><strong>procul</strong></span> <span class='ocrx_word' id='word_1_63' title='bbox 1576 1024 1717 1079; x_wconf 89' lang='lat' dir='ltr'><strong>ante</strong></span> <span class='ocrx_word' id='word_1_64' title='bbox 1759 1018 1875 1080; x_wconf 79' lang='lat' dir='ltr'><strong>via.</strong></span> 
     </span>
     <span class='ocr_line' id='line_1_11' title="bbox 286 1099 1930 1182; baseline -0.001 -18"><span class='ocrx_word' id='word_1_65' title='bbox 286 1102 391 1164; x_wconf 87' lang='lat' dir='ltr'><strong>Sic</strong></span> <span class='ocrx_word' id='word_1_66' title='bbox 433 1105 573 1165; x_wconf 87' lang='lat' dir='ltr'><strong>fieri</strong></span> <span class='ocrx_word' id='word_1_67' title='bbox 619 1105 792 1164; x_wconf 89' lang='lat' dir='ltr'><strong>iubet</strong></span> <span class='ocrx_word' id='word_1_68' title='bbox 834 1104 970 1182; x_wconf 84' lang='lat' dir='ltr'><strong>ipse</strong></span> <span class='ocrx_word' id='word_1_69' title='bbox 1014 1101 1201 1178; x_wconf 89' lang='lat' dir='ltr'><strong>deus,</strong></span> <span class='ocrx_word' id='word_1_70' title='bbox 1245 1103 1336 1162; x_wconf 90' lang='lat' dir='ltr'><strong>sic</strong></span> <span class='ocrx_word' id='word_1_71' title='bbox 1378 1121 1594 1181; x_wconf 88' lang='lat' dir='ltr'><strong>magna</strong></span> <span class='ocrx_word' id='word_1_72' title='bbox 1638 1099 1930 1171; x_wconf 81' lang='lat' dir='ltr'><strong>sacerdos</strong></span> 
     </span>
     <span class='ocr_line' id='line_1_12' title="bbox 365 1186 1509 1248; baseline -0.002 0"><span class='ocrx_word' id='word_1_73' title='bbox 365 1188 480 1248; x_wconf 86' lang='lat' dir='ltr'><strong>Est</strong></span> <span class='ocrx_word' id='word_1_74' title='bbox 523 1188 671 1247; x_wconf 87' lang='lat' dir='ltr'><strong>mihi</strong></span> <span class='ocrx_word' id='word_1_75' title='bbox 715 1186 919 1246; x_wconf 85' lang='lat' dir='ltr'><strong>divino</strong></span> <span class='ocrx_word' id='word_1_76' title='bbox 962 1187 1289 1247; x_wconf 77' lang='lat' dir='ltr'><strong>vaticinata</strong></span> <span class='ocrx_word' id='word_1_77' title='bbox 1328 1205 1509 1247; x_wconf 80' lang='lat' dir='ltr'><strong>sono:</strong></span> 
     </span>
     <span class='ocr_line' id='line_1_13' title="bbox 285 1268 2286 1348; baseline -0 -17"><span class='ocrx_word' id='word_1_78' title='bbox 285 1270 487 1348; x_wconf 81' lang='lat' dir='ltr'><strong>(llaec</strong></span> <span class='ocrx_word' id='word_1_79' title='bbox 529 1272 631 1331; x_wconf 84' lang='lat' dir='ltr'><strong>ubi</strong></span> <span class='ocrx_word' id='word_1_80' title='bbox 673 1268 974 1331; x_wconf 79' lang='lat' dir='ltr'><strong>Bellonae</strong></span> <span class='ocrx_word' id='word_1_81' title='bbox 1013 1278 1182 1331; x_wconf 89' lang='lat' dir='ltr'><strong>motu</strong></span> <span class='ocrx_word' id='word_1_82' title='bbox 1227 1277 1325 1330; x_wconf 89' lang='lat' dir='ltr'><strong>est</strong></span> <span class='ocrx_word' id='word_1_83' title='bbox 1363 1271 1621 1348; x_wconf 86' lang='lat' dir='ltr'><strong>agitata,</strong></span> <span class='ocrx_word' id='word_1_84' title='bbox 1665 1287 1783 1330; x_wconf 93' lang='lat' dir='ltr'><strong>nec</strong></span> <span class='ocrx_word' id='word_1_85' title='bbox 1826 1285 2033 1329; x_wconf 87' lang='lat' dir='ltr'><strong>acrem</strong></span> <span class='ocrx_word' id='word_1_86' title='bbox 2219 1278 2286 1330; x_wconf 78' lang='lat'><strong>45</strong></span> 
     </span>
     <span class='ocr_line' id='line_1_14' title="bbox 366 1354 1915 1431; baseline -0.001 -17"><span class='ocrx_word' id='word_1_87' title='bbox 366 1354 734 1431; x_wconf 86' lang='lat' dir='ltr'><strong>Flammam,</strong></span> <span class='ocrx_word' id='word_1_88' title='bbox 778 1374 904 1415; x_wconf 90' lang='lat' dir='ltr'><strong>non</strong></span> <span class='ocrx_word' id='word_1_89' title='bbox 947 1372 1154 1414; x_wconf 83' lang='lat' dir='ltr'><strong>amens</strong></span> <span class='ocrx_word' id='word_1_90' title='bbox 1196 1355 1460 1414; x_wconf 83' lang='lat' dir='ltr'><strong>verbera</strong></span> <span class='ocrx_word' id='word_1_91' title='bbox 1502 1360 1669 1414; x_wconf 88' lang='lat' dir='ltr'><strong>torta</strong></span> <span class='ocrx_word' id='word_1_92' title='bbox 1703 1354 1915 1414; x_wconf 83' lang='lat' dir='ltr'><strong>timet=</strong></span> 
     </span>
     <span class='ocr_line' id='line_1_15' title="bbox 288 1436 1790 1518; baseline 0 -20"><span class='ocrx_word' id='word_1_93' title='bbox 288 1439 424 1518; x_wconf 84' lang='lat' dir='ltr'><strong>Ipsa</strong></span> <span class='ocrx_word' id='word_1_94' title='bbox 468 1440 737 1518; x_wconf 83' lang='lat' dir='ltr'><strong>bipenne</strong></span> <span class='ocrx_word' id='word_1_95' title='bbox 783 1457 925 1499; x_wconf 78' lang='lat' dir='ltr'><strong>suos</strong></span> <span class='ocrx_word' id='word_1_96' title='bbox 970 1437 1175 1499; x_wconf 89' lang='lat' dir='ltr'><strong>caedit</strong></span> <span class='ocrx_word' id='word_1_97' title='bbox 1210 1436 1483 1499; x_wconf 84' lang='lat' dir='ltr'><strong>violenta</strong></span> <span class='ocrx_word' id='word_1_98' title='bbox 1518 1436 1790 1499; x_wconf 79' lang='lat' dir='ltr'><strong>lacertos</strong></span> 
     </span>
     <span class='ocr_line' id='line_1_16' title="bbox 367 1518 1789 1602; baseline 0 -19"><span class='ocrx_word' id='word_1_99' title='bbox 367 1523 674 1601; x_wconf 85' lang='lat' dir='ltr'><strong>Sanguine</strong></span> <span class='ocrx_word' id='word_1_100' title='bbox 711 1528 777 1584; x_wconf 84' lang='lat' dir='ltr'><strong>et</strong></span> <span class='ocrx_word' id='word_1_101' title='bbox 819 1523 1018 1583; x_wconf 85' lang='lat' dir='ltr'><strong>effuso</strong></span> <span class='ocrx_word' id='word_1_102' title='bbox 1063 1523 1298 1602; x_wconf 85' lang='lat' dir='ltr'><strong>spargit</strong></span> <span class='ocrx_word' id='word_1_103' title='bbox 1337 1518 1534 1583; x_wconf 87' lang='lat' dir='ltr'><strong>inulta</strong></span> <span class='ocrx_word' id='word_1_104' title='bbox 1574 1519 1789 1600; x_wconf 86' lang='lat' dir='ltr'><strong>deam,</strong></span> 
     </span>
     <span class='ocr_line' id='line_1_17' title="bbox 285 1605 2044 1686; baseline 0 -21"><span class='ocrx_word' id='word_1_105' title='bbox 285 1606 543 1685; x_wconf 85' lang='lat' dir='ltr'><strong>Statque</strong></span> <span class='ocrx_word' id='word_1_106' title='bbox 578 1605 737 1666; x_wconf 89' lang='lat' dir='ltr'><strong>latus</strong></span> <span class='ocrx_word' id='word_1_107' title='bbox 779 1607 1048 1686; x_wconf 77' lang='lat' dir='ltr'><strong>praefixa</strong></span> <span class='ocrx_word' id='word_1_108' title='bbox 1083 1624 1262 1683; x_wconf 87' lang='lat' dir='ltr'><strong>veru,</strong></span> <span class='ocrx_word' id='word_1_109' title='bbox 1306 1611 1429 1667; x_wconf 83' lang='lat' dir='ltr'><strong>stat</strong></span> <span class='ocrx_word' id='word_1_110' title='bbox 1471 1607 1676 1667; x_wconf 85' lang='lat' dir='ltr'><strong>saucia</strong></span> <span class='ocrx_word' id='word_1_111' title='bbox 1716 1610 1967 1686; x_wconf 81' lang='lat' dir='ltr'><strong>pectus,</strong></span> <span class='ocrx_word' id='word_1_112' title='bbox 2035 1638 2044 1641; x_wconf 90' lang='grc'>-</span> 
     </span>
     <span class='ocr_line' id='line_1_18' title="bbox 366 1689 2285 1770; baseline -0.001 -21"><span class='ocrx_word' id='word_1_113' title='bbox 366 1691 450 1749; x_wconf 89' lang='lat' dir='ltr'><strong>Et</strong></span> <span class='ocrx_word' id='word_1_114' title='bbox 488 1690 651 1750; x_wconf 89' lang='lat' dir='ltr'><strong>canit</strong></span> <span class='ocrx_word' id='word_1_115' title='bbox 693 1696 978 1767; x_wconf 85' lang='lat' dir='ltr'><strong>eventus,</strong></span> <span class='ocrx_word' id='word_1_116' title='bbox 1023 1709 1174 1770; x_wconf 89' lang='lat' dir='ltr'><strong>quos</strong></span> <span class='ocrx_word' id='word_1_117' title='bbox 1215 1689 1333 1751; x_wconf 88' lang='lat' dir='ltr'><strong>dea</strong></span> <span class='ocrx_word' id='word_1_118' title='bbox 1364 1710 1579 1770; x_wconf 87' lang='lat' dir='ltr'><strong>magna</strong></span> <span class='ocrx_word' id='word_1_119' title='bbox 1621 1689 1883 1767; x_wconf 88' lang='lat' dir='ltr'><strong>monet.)</strong></span> <span class='ocrx_word' id='word_1_120' title='bbox 2216 1696 2285 1747; x_wconf 76' lang='lat'><strong>50</strong></span> 
     </span>
     <span class='ocr_line' id='line_1_19' title="bbox 287 1771 2022 1855; baseline 0.002 -24"><span class='ocrx_word' id='word_1_121' title='bbox 287 1773 600 1851; x_wconf 74' lang='lat' dir='ltr'><strong>‘Parcite,</strong></span> <span class='ocrx_word' id='word_1_122' title='bbox 645 1792 824 1852; x_wconf 89' lang='lat' dir='ltr'><strong>quam</strong></span> <span class='ocrx_word' id='word_1_123' title='bbox 866 1774 1137 1835; x_wconf 85' lang='lat' dir='ltr'><strong>custodit</strong></span> <span class='ocrx_word' id='word_1_124' title='bbox 1173 1776 1400 1853; x_wconf 90' lang='lat' dir='ltr'><strong>Amor,</strong></span> <span class='ocrx_word' id='word_1_125' title='bbox 1440 1774 1675 1835; x_wconf 84' lang='lat' dir='ltr'><strong>violare</strong></span> <span class='ocrx_word' id='word_1_126' title='bbox 1714 1771 2022 1855; x_wconf 80' lang='lat' dir='ltr'><strong>puellam,</strong></span> 
     </span>
     <span class='ocr_line' id='line_1_20' title="bbox 364 1856 1724 1937; baseline 0 -22"><span class='ocrx_word' id='word_1_127' title='bbox 364 1856 457 1916; x_wconf 88' lang='lat' dir='ltr'><strong>Ne</strong></span> <span class='ocrx_word' id='word_1_128' title='bbox 495 1857 702 1936; x_wconf 85' lang='lat' dir='ltr'><strong>pigeat</strong></span> <span class='ocrx_word' id='word_1_129' title='bbox 743 1876 960 1936; x_wconf 88' lang='lat' dir='ltr'><strong>magno</strong></span> <span class='ocrx_word' id='word_1_130' title='bbox 998 1865 1140 1937; x_wconf 85' lang='lat' dir='ltr'><strong>post</strong></span> <span class='ocrx_word' id='word_1_131' title='bbox 1184 1856 1475 1918; x_wconf 86' lang='lat' dir='ltr'><strong>didicisse</strong></span> <span class='ocrx_word' id='word_1_132' title='bbox 1518 1857 1724 1925; x_wconf 63' lang='lat' dir='ltr'><strong>malo.⁴</strong></span> 
     </span>
     <span class='ocr_line' id='line_1_21' title="bbox 283 1939 1835 2021; baseline -0.003 -20"><span class='ocrx_word' id='word_1_133' title='bbox 283 1941 615 2018; x_wconf 89' lang='lat' dir='ltr'><strong>Attigerit‚</strong></span> <span class='ocrx_word' id='word_1_134' title='bbox 656 1939 945 2003; x_wconf 88' lang='lat' dir='ltr'><strong>labentur</strong></span> <span class='ocrx_word' id='word_1_135' title='bbox 983 1960 1167 2021; x_wconf 88' lang='lat' dir='ltr'><strong>opes,</strong></span> <span class='ocrx_word' id='word_1_136' title='bbox 1213 1945 1283 1999; x_wconf 88' lang='lat' dir='ltr'><strong>ut</strong></span> <span class='ocrx_word' id='word_1_137' title='bbox 1324 1939 1582 2000; x_wconf 84' lang='lat' dir='ltr'><strong>vulnere</strong></span> <span class='ocrx_word' id='word_1_138' title='bbox 1619 1944 1835 1998; x_wconf 79' lang='lat' dir='ltr'><strong>nostro</strong></span> 
     </span>
     <span class='ocr_line' id='line_1_22' title="bbox 334 2021 1847 2103; baseline -0.002 -20"><span class='ocrx_word' id='word_1_139' title='bbox 334 2025 656 2103; x_wconf 88' lang='lat' dir='ltr'><strong>‘Sanguis,</strong></span> <span class='ocrx_word' id='word_1_140' title='bbox 698 2033 766 2086; x_wconf 89' lang='lat' dir='ltr'><strong>ut</strong></span> <span class='ocrx_word' id='word_1_141' title='bbox 807 2027 911 2087; x_wconf 87' lang='lat' dir='ltr'><strong>hic</strong></span> <span class='ocrx_word' id='word_1_142' title='bbox 950 2025 1149 2085; x_wconf 83' lang='lat' dir='ltr'><strong>ventis</strong></span> <span class='ocrx_word' id='word_1_143' title='bbox 1191 2021 1606 2102; x_wconf 75' lang='lat' dir='ltr'><strong>dIripiturque</strong></span> <span class='ocrx_word' id='word_1_144' title='bbox 1649 2021 1847 2081; x_wconf 70' lang='lat' dir='ltr'><strong>cinis.⁹</strong></span> 
     </span>
     <span class='ocr_line' id='line_1_23' title="bbox 282 2104 2279 2188; baseline -0.002 -21"><span class='ocrx_word' id='word_1_145' title='bbox 282 2108 364 2167; x_wconf 84' lang='lat' dir='ltr'><strong>Et</strong></span> <span class='ocrx_word' id='word_1_146' title='bbox 408 2109 521 2168; x_wconf 87' lang='lat' dir='ltr'><strong>tibi</strong></span> <span class='ocrx_word' id='word_1_147' title='bbox 563 2111 774 2174; x_wconf 86' lang='lat' dir='ltr'><strong>nescio</strong></span> <span class='ocrx_word' id='word_1_148' title='bbox 820 2128 969 2188; x_wconf 82' lang='lat' dir='ltr'><strong>quas</strong></span> <span class='ocrx_word' id='word_1_149' title='bbox 1013 2106 1195 2184; x_wconf 80' lang='lat' dir='ltr'><strong>dixit,</strong></span> <span class='ocrx_word' id='word_1_150' title='bbox 1241 2124 1376 2165; x_wconf 87' lang='lat' dir='ltr'><strong>mea</strong></span> <span class='ocrx_word' id='word_1_151' title='bbox 1419 2104 1626 2181; x_wconf 87' lang='lat' dir='ltr'><strong>Delia,</strong></span> <span class='ocrx_word' id='word_1_152' title='bbox 1666 2122 1926 2184; x_wconf 75' lang='lat' dir='ltr'><strong>poenasz</strong></span> <span class='ocrx_word' id='word_1_153' title='bbox 2212 2113 2279 2164; x_wconf 75' lang='lat'><strong>55</strong></span> 
     </span>
     <span class='ocr_line' id='line_1_24' title="bbox 370 2186 1793 2269; baseline 0.001 -18"><span class='ocrx_word' id='word_1_154' title='bbox 370 2191 437 2252; x_wconf 82' lang='lat' dir='ltr'><strong>Si</strong></span> <span class='ocrx_word' id='word_1_155' title='bbox 479 2198 684 2253; x_wconf 90' lang='lat' dir='ltr'><strong>tamen</strong></span> <span class='ocrx_word' id='word_1_156' title='bbox 727 2191 1043 2268; x_wconf 85' lang='lat' dir='ltr'><strong>admittas,</strong></span> <span class='ocrx_word' id='word_1_157' title='bbox 1085 2191 1168 2250; x_wconf 91' lang='lat' dir='ltr'><strong>sit</strong></span> <span class='ocrx_word' id='word_1_158' title='bbox 1198 2207 1424 2269; x_wconf 86' lang='lat' dir='ltr'><strong>precor</strong></span> <span class='ocrx_word' id='word_1_159' title='bbox 1467 2187 1576 2249; x_wconf 90' lang='lat' dir='ltr'><strong>illa</strong></span> <span class='ocrx_word' id='word_1_160' title='bbox 1618 2186 1793 2252; x_wconf 84' lang='lat' dir='ltr'><strong>levis.</strong></span> 
     </span>
    </p>
   </div>
   <div class='ocr_carea' id='block_1_3' title="bbox 281 2270 1948 2435">
    <p class='ocr_par' dir='ltr' id='par_1_3' title="bbox 281 2270 1948 2435">
     <span class='ocr_line' id='line_1_25' title="bbox 281 2270 1948 2356; baseline -0.002 -21"><span class='ocrx_word' id='word_1_161' title='bbox 281 2275 416 2335; x_wconf 88' lang='lat' dir='ltr'><strong>Non</strong></span> <span class='ocrx_word' id='word_1_162' title='bbox 462 2294 576 2355; x_wconf 90' lang='lat' dir='ltr'><strong>ego</strong></span> <span class='ocrx_word' id='word_1_163' title='bbox 620 2283 686 2337; x_wconf 87' lang='lat' dir='ltr'><strong>te</strong></span> <span class='ocrx_word' id='word_1_164' title='bbox 727 2282 988 2356; x_wconf 87' lang='lat' dir='ltr'><strong>propter</strong></span> <span class='ocrx_word' id='word_1_165' title='bbox 1027 2272 1410 2352; x_wconf 86' lang='lat' dir='ltr'><strong>parco‘tibi,</strong></span> <span class='ocrx_word' id='word_1_166' title='bbox 1453 2270 1567 2333; x_wconf 90' lang='lat' dir='ltr'><strong>sed</strong></span> <span class='ocrx_word' id='word_1_167' title='bbox 1607 2280 1713 2333; x_wconf 88' lang='lat' dir='ltr'><strong>tua</strong></span> <span class='ocrx_word' id='word_1_168' title='bbox 1751 2276 1948 2332; x_wconf 88' lang='lat' dir='ltr'><strong>mater</strong></span> 
     </span>
     <span class='ocr_line' id='line_1_26' title="bbox 365 2356 1765 2435; baseline -0.006 -15"><span class='ocrx_word' id='word_1_169' title='bbox 365 2360 472 2420; x_wconf 90' lang='lat' dir='ltr'><strong>Me</strong></span> <span class='ocrx_word' id='word_1_170' title='bbox 511 2364 716 2421; x_wconf 84' lang='lat' dir='ltr'><strong>movet</strong></span> <span class='ocrx_word' id='word_1_171' title='bbox 757 2365 940 2435; x_wconf 88' lang='lat' dir='ltr'><strong>atque</strong></span> <span class='ocrx_word' id='word_1_172' title='bbox 984 2357 1108 2415; x_wconf 87' lang='lat' dir='ltr'><strong>iras</strong></span> <span class='ocrx_word' id='word_1_173' title='bbox 1149 2373 1333 2414; x_wconf 84' lang='lat' dir='ltr'><strong>aurea</strong></span> <span class='ocrx_word' id='word_1_174' title='bbox 1368 2356 1561 2416; x_wconf 87' lang='lat' dir='ltr'><strong>vincit</strong></span> <span class='ocrx_word' id='word_1_175' title='bbox 1599 2374 1765 2416; x_wconf 87' lang='lat' dir='ltr'><strong>anus.</strong></span> 
     </span>
    </p>
   </div>
   <div class='ocr_carea' id='block_1_4' title="bbox 275 2438 2280 3528">
    <p class='ocr_par' dir='ltr' id='par_1_4' title="bbox 278 2438 2278 2603">
     <span class='ocr_line' id='line_1_27' title="bbox 278 2438 1981 2517; baseline -0.003 -14"><span class='ocrx_word' id='word_1_176' title='bbox 278 2442 450 2503; x_wconf 84' lang='lat' dir='ltr'><strong>llaec</strong></span> <span class='ocrx_word' id='word_1_177' title='bbox 491 2444 641 2502; x_wconf 88' lang='lat' dir='ltr'><strong>mihi</strong></span> <span class='ocrx_word' id='word_1_178' title='bbox 683 2448 748 2501; x_wconf 94' lang='lat' dir='ltr'><strong>te</strong></span> <span class='ocrx_word' id='word_1_179' title='bbox 790 2438 1039 2500; x_wconf 86' lang='lat' dir='ltr'><strong>adducit</strong></span> <span class='ocrx_word' id='word_1_180' title='bbox 1078 2438 1356 2499; x_wconf 87' lang='lat' dir='ltr'><strong>tenebris</strong></span> <span class='ocrx_word' id='word_1_181' title='bbox 1400 2438 1716 2517; x_wconf 89' lang='lat' dir='ltr'><strong>multoque</strong></span> <span class='ocrx_word' id='word_1_182' title='bbox 1758 2438 1981 2499; x_wconf 90' lang='lat' dir='ltr'><strong>timore</strong></span> 
     </span>
     <span class='ocr_line' id='line_1_28' title="bbox 363 2518 2278 2603; baseline -0.002 -17"><span class='ocrx_word' id='word_1_183' title='bbox 363 2525 694 2603; x_wconf 81' lang='lat' dir='ltr'><strong>Coniungit</strong></span> <span class='ocrx_word' id='word_1_184' title='bbox 733 2528 972 2582; x_wconf 91' lang='lat' dir='ltr'><strong>nostras</strong></span> <span class='ocrx_word' id='word_1_185' title='bbox 1014 2518 1170 2581; x_wconf 88' lang='lat' dir='ltr'><strong>clam</strong></span> <span class='ocrx_word' id='word_1_186' title='bbox 1208 2523 1515 2583; x_wconf 86' lang='lat' dir='ltr'><strong>taciturna</strong></span> <span class='ocrx_word' id='word_1_187' title='bbox 1550 2541 1796 2601; x_wconf 87' lang='lat' dir='ltr'><strong>manus,</strong></span> <span class='ocrx_word' id='word_1_188' title='bbox 2208 2530 2278 2583; x_wconf 88' lang='grc'><strong>60</strong></span> 
     </span>
    </p>

    <p class='ocr_par' dir='ltr' id='par_1_5' title="bbox 281 2603 2080 2770">
     <span class='ocr_line' id='line_1_29' title="bbox 281 2603 2080 2684; baseline -0.002 -15"><span class='ocrx_word' id='word_1_189' title='bbox 281 2609 454 2669; x_wconf 80' lang='lat' dir='ltr'><strong>llaec</strong></span> <span class='ocrx_word' id='word_1_190' title='bbox 496 2609 855 2684; x_wconf 88' lang='lat' dir='ltr'><strong>foribusque</strong></span> <span class='ocrx_word' id='word_1_191' title='bbox 895 2609 1101 2665; x_wconf 86' lang='lat' dir='ltr'><strong>manet</strong></span> <span class='ocrx_word' id='word_1_192' title='bbox 1142 2612 1330 2665; x_wconf 91' lang='lat' dir='ltr'><strong>noctu</strong></span> <span class='ocrx_word' id='word_1_193' title='bbox 1373 2623 1471 2665; x_wconf 91' lang='lat' dir='ltr'><strong>me</strong></span> <span class='ocrx_word' id='word_1_194' title='bbox 1514 2605 1695 2666; x_wconf 81' lang='lat' dir='ltr'><strong>affixa</strong></span> <span class='ocrx_word' id='word_1_195' title='bbox 1737 2603 2080 2684; x_wconf 84' lang='lat' dir='ltr'><strong>proculque</strong></span> 
     </span>
     <span class='ocr_line' id='line_1_30' title="bbox 367 2687 1795 2770; baseline -0.001 -17"><span class='ocrx_word' id='word_1_196' title='bbox 367 2690 700 2770; x_wconf 71' lang='lat' dir='ltr'><strong>Cognoscit</strong></span> <span class='ocrx_word' id='word_1_197' title='bbox 739 2687 1037 2767; x_wconf 84' lang='lat' dir='ltr'><strong>strepitus</strong></span> <span class='ocrx_word' id='word_1_198' title='bbox 1080 2707 1180 2749; x_wconf 90' lang='lat' dir='ltr'><strong>me</strong></span> <span class='ocrx_word' id='word_1_199' title='bbox 1223 2688 1513 2750; x_wconf 84' lang='lat' dir='ltr'><strong>veniente</strong></span> <span class='ocrx_word' id='word_1_200' title='bbox 1553 2687 1795 2769; x_wconf 89' lang='lat' dir='ltr'><strong>pedum.</strong></span> 
     </span>
    </p>

    <p class='ocr_par' dir='ltr' id='par_1_6' title="bbox 279 2770 2039 2933">
     <span class='ocr_line' id='line_1_31' title="bbox 279 2770 2039 2853; baseline -0.003 -16"><span class='ocrx_word' id='word_1_201' title='bbox 279 2775 433 2838; x_wconf 88' lang='lat' dir='ltr'><strong>Vive</strong></span> <span class='ocrx_word' id='word_1_202' title='bbox 478 2774 581 2833; x_wconf 88' lang='lat' dir='ltr'><strong>diu</strong></span> <span class='ocrx_word' id='word_1_203' title='bbox 626 2771 809 2848; x_wconf 83' lang='lat' dir='ltr'><strong>mihi,</strong></span> <span class='ocrx_word' id='word_1_204' title='bbox 855 2770 1053 2833; x_wconf 90' lang='lat' dir='ltr'><strong>dulcis</strong></span> <span class='ocrx_word' id='word_1_205' title='bbox 1097 2791 1276 2834; x_wconf 81' lang='lat' dir='ltr'><strong>anus:</strong></span> <span class='ocrx_word' id='word_1_206' title='bbox 1320 2775 1608 2853; x_wconf 82' lang='lat' dir='ltr'><strong>proprios</strong></span> <span class='ocrx_word' id='word_1_207' title='bbox 1647 2790 1764 2851; x_wconf 88' lang='lat' dir='ltr'><strong>ego</strong></span> <span class='ocrx_word' id='word_1_208' title='bbox 1806 2779 2039 2851; x_wconf 86' lang='lat' dir='ltr'><strong>tecum,</strong></span> 
     </span>
     <span class='ocr_line' id='line_1_32' title="bbox 364 2854 1777 2933; baseline -0.001 -16"><span class='ocrx_word' id='word_1_209' title='bbox 364 2859 459 2917; x_wconf 90' lang='lat' dir='ltr'><strong>Sit</strong></span> <span class='ocrx_word' id='word_1_210' title='bbox 497 2855 678 2916; x_wconf 91' lang='lat' dir='ltr'><strong>modo</strong></span> <span class='ocrx_word' id='word_1_211' title='bbox 721 2854 849 2933; x_wconf 84' lang='lat' dir='ltr'><strong>fas,</strong></span> <span class='ocrx_word' id='word_1_212' title='bbox 888 2875 1080 2917; x_wconf 92' lang='lat' dir='ltr'><strong>annos</strong></span> <span class='ocrx_word' id='word_1_213' title='bbox 1126 2857 1538 2918; x_wconf 88' lang='lat' dir='ltr'><strong>contribuisse</strong></span> <span class='ocrx_word' id='word_1_214' title='bbox 1575 2855 1777 2918; x_wconf 85' lang='lat' dir='ltr'><strong>velim.</strong></span> 
     </span>
    </p>

    <p class='ocr_par' dir='ltr' id='par_1_7' title="bbox 281 2940 2272 3102">
     <span class='ocr_line' id='line_1_33' title="bbox 281 2940 2272 3021; baseline 0.001 -20"><span class='ocrx_word' id='word_1_215' title='bbox 281 2941 376 3001; x_wconf 71' lang='lat' dir='ltr'><strong>&#39;l&#39;e</strong></span> <span class='ocrx_word' id='word_1_216' title='bbox 419 2956 665 3018; x_wconf 90' lang='lat' dir='ltr'><strong>semper</strong></span> <span class='ocrx_word' id='word_1_217' title='bbox 704 2945 1030 3018; x_wconf 88' lang='lat' dir='ltr'><strong>natamque</strong></span> <span class='ocrx_word' id='word_1_218' title='bbox 1069 2947 1235 3002; x_wconf 90' lang='lat' dir='ltr'><strong>tuam</strong></span> <span class='ocrx_word' id='word_1_219' title='bbox 1278 2946 1345 3000; x_wconf 91' lang='lat' dir='ltr'><strong>te</strong></span> <span class='ocrx_word' id='word_1_220' title='bbox 1385 2947 1647 3021; x_wconf 87' lang='lat' dir='ltr'><strong>propter</strong></span> <span class='ocrx_word' id='word_1_221' title='bbox 1690 2940 1932 3000; x_wconf 85' lang='lat' dir='ltr'><strong>amabo=</strong></span> <span class='ocrx_word' id='word_1_222' title='bbox 2208 2947 2272 3003; x_wconf 76' lang='lat'><strong>65</strong></span> 
     </span>
     <span class='ocr_line' id='line_1_34' title="bbox 363 3022 1893 3102; baseline 0 -20"><span class='ocrx_word' id='word_1_223' title='bbox 363 3022 670 3101; x_wconf 71' lang='lat' dir='ltr'><strong>Quicquid</strong></span> <span class='ocrx_word' id='word_1_224' title='bbox 711 3024 868 3101; x_wconf 85' lang='lat' dir='ltr'><strong>agit,</strong></span> <span class='ocrx_word' id='word_1_225' title='bbox 913 3023 1156 3102; x_wconf 87' lang='lat' dir='ltr'><strong>sanguis</strong></span> <span class='ocrx_word' id='word_1_226' title='bbox 1200 3027 1298 3083; x_wconf 90' lang='lat' dir='ltr'><strong>est</strong></span> <span class='ocrx_word' id='word_1_227' title='bbox 1333 3029 1539 3084; x_wconf 89' lang='lat' dir='ltr'><strong>tamen</strong></span> <span class='ocrx_word' id='word_1_228' title='bbox 1580 3022 1692 3084; x_wconf 87' lang='lat' dir='ltr'><strong>illa</strong></span> <span class='ocrx_word' id='word_1_229' title='bbox 1731 3031 1893 3083; x_wconf 89' lang='lat' dir='ltr'><strong>tuus.</strong></span> 
     </span>
    </p>

    <p class='ocr_par' dir='ltr' id='par_1_8' title="bbox 278 3099 1993 3271">
     <span class='ocr_line' id='line_1_35' title="bbox 278 3099 1993 3186; baseline 0.001 -20"><span class='ocrx_word' id='word_1_230' title='bbox 278 3107 374 3167; x_wconf 91' lang='lat' dir='ltr'><strong>Sit</strong></span> <span class='ocrx_word' id='word_1_231' title='bbox 412 3104 590 3165; x_wconf 89' lang='lat' dir='ltr'><strong>modo</strong></span> <span class='ocrx_word' id='word_1_232' title='bbox 636 3099 832 3184; x_wconf 75' lang='lat' dir='ltr'><strong>casta&#39;,</strong></span> <span class='ocrx_word' id='word_1_233' title='bbox 871 3104 1058 3184; x_wconf 87' lang='lat' dir='ltr'><strong>doce,</strong></span> <span class='ocrx_word' id='word_1_234' title='bbox 1105 3106 1374 3184; x_wconf 82' lang='lat' dir='ltr'><strong>quamvis</strong></span> <span class='ocrx_word' id='word_1_235' title='bbox 1417 3125 1543 3166; x_wconf 90' lang='lat' dir='ltr'><strong>non</strong></span> <span class='ocrx_word' id='word_1_236' title='bbox 1582 3107 1734 3168; x_wconf 87' lang='lat' dir='ltr'><strong>vitta</strong></span> <span class='ocrx_word' id='word_1_237' title='bbox 1770 3106 1993 3186; x_wconf 83' lang='lat' dir='ltr'><strong>ligatos</strong></span> 
     </span>
     <span class='ocr_line' id='line_1_36' title="bbox 360 3187 1738 3271; baseline 0.001 -20"><span class='ocrx_word' id='word_1_238' title='bbox 360 3187 661 3270; x_wconf 91' lang='lat' dir='ltr'><strong>Impediat</strong></span> <span class='ocrx_word' id='word_1_239' title='bbox 700 3192 904 3253; x_wconf 86' lang='lat' dir='ltr'><strong>crines</strong></span> <span class='ocrx_word' id='word_1_240' title='bbox 944 3208 1063 3251; x_wconf 87' lang='lat' dir='ltr'><strong>nec</strong></span> <span class='ocrx_word' id='word_1_241' title='bbox 1105 3189 1263 3251; x_wconf 87' lang='lat' dir='ltr'><strong>stola</strong></span> <span class='ocrx_word' id='word_1_242' title='bbox 1302 3188 1488 3269; x_wconf 86' lang='lat' dir='ltr'><strong>longa</strong></span> <span class='ocrx_word' id='word_1_243' title='bbox 1524 3190 1738 3271; x_wconf 88' lang='lat' dir='ltr'><strong>pedes.</strong></span> 
     </span>
    </p>

    <p class='ocr_par' dir='ltr' id='par_1_9' title="bbox 275 3271 2280 3440">
     <span class='ocr_line' id='line_1_37' title="bbox 275 3271 1882 3353; baseline 0.001 -18"><span class='ocrx_word' id='word_1_244' title='bbox 275 3274 359 3335; x_wconf 78' lang='lat' dir='ltr'><strong>Et</strong></span> <span class='ocrx_word' id='word_1_245' title='bbox 398 3273 547 3333; x_wconf 85' lang='lat' dir='ltr'><strong>mihi</strong></span> <span class='ocrx_word' id='word_1_246' title='bbox 592 3274 717 3336; x_wconf 87' lang='lat' dir='ltr'><strong>sint</strong></span> <span class='ocrx_word' id='word_1_247' title='bbox 757 3274 946 3337; x_wconf 86' lang='lat' dir='ltr'><strong>durae</strong></span> <span class='ocrx_word' id='word_1_248' title='bbox 985 3271 1197 3353; x_wconf 79' lang='lat' dir='ltr'><strong>leges,</strong></span> <span class='ocrx_word' id='word_1_249' title='bbox 1239 3272 1492 3335; x_wconf 91' lang='lat' dir='ltr'><strong>laudare</strong></span> <span class='ocrx_word' id='word_1_250' title='bbox 1533 3293 1652 3335; x_wconf 93' lang='lat' dir='ltr'><strong>nec</strong></span> <span class='ocrx_word' id='word_1_251' title='bbox 1696 3273 1882 3336; x_wconf 87' lang='lat' dir='ltr'><strong>ullam</strong></span> 
     </span>
     <span class='ocr_line' id='line_1_38' title="bbox 365 3355 2280 3440; baseline 0.001 -25"><span class='ocrx_word' id='word_1_252' title='bbox 365 3355 600 3418; x_wconf 83' lang='lat' dir='ltr'><strong>Possim</strong></span> <span class='ocrx_word' id='word_1_253' title='bbox 645 3376 795 3438; x_wconf 89' lang='lat' dir='ltr'><strong>ego,</strong></span> <span class='ocrx_word' id='word_1_254' title='bbox 836 3359 981 3438; x_wconf 86' lang='lat' dir='ltr'><strong>quin</strong></span> <span class='ocrx_word' id='word_1_255' title='bbox 1025 3356 1237 3419; x_wconf 83' lang='lat' dir='ltr'><strong>oeulos</strong></span> <span class='ocrx_word' id='word_1_256' title='bbox 1284 3363 1535 3440; x_wconf 83' lang='lat' dir='ltr'><strong>appetat</strong></span> <span class='ocrx_word' id='word_1_257' title='bbox 1572 3357 1681 3418; x_wconf 86' lang='lat' dir='ltr'><strong>illa</strong></span> <span class='ocrx_word' id='word_1_258' title='bbox 1721 3377 1925 3435; x_wconf 90' lang='lat' dir='ltr'><strong>meos,</strong></span> <span class='ocrx_word' id='word_1_259' title='bbox 2210 3362 2280 3418; x_wconf 78' lang='lat'><strong>‘10</strong></span> 
     </span>
    </p>

    <p class='ocr_par' dir='ltr' id='par_1_10' title="bbox 279 3437 1825 3528">
     <span class='ocr_line' id='line_1_39' title="bbox 279 3437 1825 3528; baseline 0.001 -29"><span class='ocrx_word' id='word_1_260' title='bbox 279 3437 363 3499; x_wconf 75' lang='lat' dir='ltr'><strong>Et</strong></span> <span class='ocrx_word' id='word_1_261' title='bbox 403 3441 609 3528; x_wconf 88' lang='lat' dir='ltr'><strong>siquid</strong></span> <span class='ocrx_word' id='word_1_262' title='bbox 645 3461 936 3525; x_wconf 84' lang='lat' dir='ltr'><strong>peccasse</strong></span> <span class='ocrx_word' id='word_1_263' title='bbox 977 3449 1189 3524; x_wconf 85' lang='lat' dir='ltr'><strong>putet,</strong></span> <span class='ocrx_word' id='word_1_264' title='bbox 1233 3439 1547 3523; x_wconf 87' lang='lat' dir='ltr'><strong>ducarque</strong></span> <span class='ocrx_word' id='word_1_265' title='bbox 1588 3440 1825 3522; x_wconf 86' lang='lat' dir='ltr'><strong>capillis</strong></span> 
     </span>
    </p>
   </div>
  </div>
 </body>
</html>
