2578 3898
819 186 1108 251 TIBULLI
1147 186 1284 251 LlB.
1320 190 1364 251 1.
1401 199 1452 254 7.
1481 199 1534 254 8.
2111 203 2186 261 17

177 357 454 435 Namque
497 356 713 436 opibus
757 365 1050 435 congesta
1085 361 1208 419 tuis
1251 359 1355 419 hic
1397 356 1609 437 glarea
1653 357 1806 420 dura

266 439 614 516 Sternitur,
660 440 763 499 hic
806 446 949 520 apta
988 443 1264 520 iungitur
1307 448 1442 502 arte
1488 441 1660 503 silex.
2116 456 2188 509 60

179 522 276 583 Te
320 524 484 583 canit
521 520 821 600 agricola,
865 541 903 583 e
944 543 1162 604 magna
1205 544 1342 585 cum
1384 527 1629 586 venerit
1671 527 1829 587 urbe

263 605 454 666 Serus
498 606 869 666 inoffensum
909 606 1357 687 rettuleritque
1400 607 1645 689 pedem.

177 690 262 750 At
302 695 404 766 tu,
444 687 679 748 Natalis
722 688 946 750 multos
985 690 1362 752 celebrande
1401 710 1520 772 per
1561 711 1784 772 annos,

267 770 608 834 Candidior
650 790 898 853 semper
941 774 1386 854 candidiorque
1428 777 1587 836 veni.

1087 990 1274 1055 VIII.

180 1075 327 1173 Non
372 1132 486 1191 ego
527 1111 717 1174 celari
758 1133 1037 1194 possum,
1084 1115 1235 1194 quid
1275 1122 1461 1175 nutus
1504 1118 1760 1176 amantis

267 1195 506 1274 Quidve
547 1197 757 1258 ferant
799 1199 935 1259 miti
977 1196 1146 1258 lenia
1188 1200 1378 1259 verba
1421 1218 1591 1259 sono.

175 1278 307 1341 Nec
350 1281 501 1340 mihi
537 1286 681 1341 sunt
724 1288 928 1342 sortes
969 1301 1086 1343 nec
1130 1284 1374 1343 conscia
1414 1284 1571 1343 fibra
1611 1283 1887 1360 deorum,

263 1363 579 1425 Praecinit
622 1371 878 1425 eventus
918 1382 1038 1425 nec
1080 1367 1231 1425 mihi
1273 1372 1487 1426 cantus
1529 1369 1686 1426 avis:

181 1447 319 1529 Ipsa
358 1447 570 1511 Venus
602 1449 835 1527 magico
875 1448 1203 1527 religatum
1244 1450 1497 1510 brachia
1539 1449 1702 1509 nodo
2150 1462 2196 1511 5-

261 1531 601 1593 Perdocuit
641 1532 849 1593 multis
892 1551 1017 1593 non
1061 1534 1196 1593 sine
1238 1532 1623 1593 verberibus.

176 1615 405 1676 Desine
450 1613 870 1676 dissimulare:
913 1615 1065 1677 deus
1103 1614 1419 1676 crudelius
1462 1617 1619 1692 urit,

261 1700 427 1774 Quos
470 1697 643 1759 videt
683 1701 908 1759 invitos
953 1701 1347 1759 succubuisse
1392 1700 1530 1759 sibi.

175 1781 339 1860 Quid
376 1783 492 1842 tibi
534 1801 694 1841 nunc
735 1779 955 1842 molles
995 1781 1255 1862 prodest
1297 1780 1564 1842 coluisse
1609 1779 1865 1861 capillos

259 1863 582 1945 Saepeque
620 1871 881 1926 mutatas
925 1866 1302 1947 disposuisse
1339 1884 1575 1944 comas,
2114 1876 2181 1926 10

176 1948 340 2025 Quid
377 1949 520 2010 fuco
565 1948 938 2030 splendente
981 1970 1167 2029 genas
1212 1968 1468 2027 ornare,
1516 1947 1662 2029 quid
1707 1967 1939 2028 ungues

257 2034 533 2094 Artificis
577 2032 758 2094 docta
795 2035 1182 2094 subsecuisse
1224 2034 1451 2094 manu?

174 2115 433 2176 Frustra
472 2118 593 2176 iam
632 2123 867 2194 vestes,
911 2118 1145 2177 frustra
1182 2123 1495 2177 mutantur
1538 2118 1826 2193 amictus,

257 2200 545 2277 Ansaque
590 2217 974 2279 compressos
1019 2197 1261 2277 colligit
1305 2206 1438 2259 arta
1473 2197 1686 2278 pedes.

171 2280 281 2342 llla
319 2281 559 2362 placet,
606 2284 876 2361 quamvis
916 2280 1151 2343 inculto
1196 2283 1446 2343 venerit
1487 2300 1598 2342 ore
2113 2288 2178 2342 15

254 2366 385 2425 Nec
429 2366 692 2427 nitidum
728 2365 905 2426 tarda
948 2367 1283 2446 compserit
1322 2372 1457 2426 arte
1503 2372 1703 2445 caput.

171 2447 330 2508 Num
370 2455 437 2509 te
482 2451 881 2528 carminibus,
924 2470 1070 2510 num
1110 2457 1176 2511 te
1217 2448 1592 2529 pallentibus
1637 2450 1851 2509 herbis

255 2532 514 2593 Devovit
545 2535 733 2594 tacito
770 2540 1051 2615 tempore
1093 2535 1295 2594 noctis
1333 2532 1528 2593 anus?

174 2615 405 2676 Cantus
449 2616 665 2676 vicinis
703 2617 916 2696 fruges
961 2617 1234 2678 traducit
1277 2617 1352 2676 ab
1392 2616 1554 2694 agris
1574 2658 1593 2693 ,

257 2698 487 2759 Cantus
530 2705 596 2759 et
635 2701 829 2760 iratae
874 2701 1117 2760 detinet
1160 2701 1373 2776 anguis
1413 2702 1572 2774 iter,
2112 2707 2183 2757 20

173 2781 405 2842 Cantus
450 2788 516 2842 et
558 2799 593 2839 e
639 2800 822 2841 curru
868 2783 1101 2841 Lunam
1139 2780 1452 2840 deducere
1495 2784 1793 2859 temptat,

254 2865 338 2926 Et
380 2864 653 2941 faceret,
697 2865 750 2922 si
787 2882 911 2923 non
955 2882 1098 2940 aera
1130 2861 1380 2941 repulsa
1424 2868 1666 2921 sonent.

175 2946 340 3025 Quid
385 2966 614 3027 queror
656 2947 781 3006 heu
824 2947 1050 3007 misero
1092 2963 1341 3006 carmen
1370 2945 1676 3024 nocuisse,
1725 2943 1876 3025 quid
1905 2945 2181 3007 herbas?

174 3058 178 3063 ·
254 3032 479 3091 Forma
515 3029 673 3090 nihil
713 3031 963 3108 magicis
1006 3031 1201 3090 utitur
1247 3027 1518 3089 auxiliis:

173 3113 301 3175 Sed
343 3133 564 3195 corpus
600 3115 883 3192 tetigisse
922 3120 1141 3191 nocet,
1186 3112 1300 3172 sed
1337 3110 1524 3190 longa
1567 3110 1816 3173 dedisse
2114 3119 2181 3172 25

256 3196 516 3275 Oscula,
560 3196 672 3257 sed
715 3198 949 3257 femori.
981 3198 1369 3258 conseruisse
1409 3196 1629 3256 femur.

171 3281 302 3342 Nec
345 3288 414 3341 tu
457 3280 731 3341 difficilis
772 3300 967 3361 puero
1010 3290 1216 3341 tamen
1259 3298 1399 3342 esse
1438 3285 1748 3339 memento

260 3365 697 3444 (Persequitur
738 3367 958 3445 poenis
999 3365 1208 3424 tristia
1244 3364 1410 3424 facta
1446 3362 1726 3440 Venus),

176 3446 441 3509 Munera
478 3466 593 3508 nec
637 3467 888 3529 poscas:
928 3449 1037 3510 det
1077 3465 1333 3508 munera
1374 3464 1560 3506 canus
1603 3451 1873 3586 amagor,

259 3549 532 3590 TIBULLUS.
