2578 3898
313 190 392 251 30
888 165 1219 250 ‘rmum
1257 186 1396 248 Lm.
1432 187 1504 248 11.
1534 198 1586 250 4.
1622 198 1673 250 5.
1725 217 1732 226 -

311 358 483 419 Haec
525 358 738 418 fecere
780 353 1001 417 malas:
1042 357 1188 415 hinc
1231 353 1450 414 clavim
1493 357 1672 416 ianua
1713 358 1908 418 sensit
2021 362 2028 367 '

396 443 479 501 Et
519 443 726 521 coepit
769 445 975 502 custos
1014 437 1262 509 liminis,
1289 457 1428 498 esse
1473 442 1659 500 canis.

313 524 470 600 Sed,
512 527 783 604 pretium
820 524 875 583 ni
918 522 1149 600 grande
1185 523 1387 599 feras,
1430 523 1706 584 custodia
1746 524 1908 585 victa
1945 531 2072 604 est,

395 610 524 669 Nec
566 611 903 688 prohibent
945 604 1177 683 claves,
1221 612 1288 666 et
1329 607 1497 666 canis
1532 609 1667 686 ipse
1708 614 1895 670 tacet.

309 694 450 753 Heu
495 694 840 771 quicunque
884 688 1061 749 dedit
1096 690 1352 749 formam
1396 688 1686 751 caelestis
1731 710 1983 769 avarae,
2241 702 2312 758 35

395 776 587 853 Quale
631 777 855 836 bonum
899 772 1108 832 multis
1148 772 1359 833 attulit
1401 772 1515 834 ille
1552 773 1760 835 malis!

308 861 470 920 Hinc
512 861 695 918 fletus
736 859 1028 935 rixaeque
1073 863 1329 934 sonant,
1372 857 1527 917 haec
1572 857 1839 937 denique
1871 858 2056 920 causa

392 944 571 1002 Fecit
613 947 682 1001 ut
721 941 965 1001 infamis
1003 941 1105 999 hic
1145 939 1299 999 deus
1342 947 1508 1001 esset
1542 943 1747 1004 Amor.

308 1028 390 1087 At
433 1027 579 1102 tibi,
626 1043 780 1104 quae
823 1025 1030 1104 pretio
1076 1025 1270 1084 victos
1315 1023 1591 1084 excludis
1638 1033 1941 1103 amantes,

391 1111 675 1189 Eripiunt
714 1114 922 1190 partas
961 1114 1180 1167 ventus
1225 1114 1292 1168 et
1332 1109 1493 1185 ignis
1540 1128 1725 1188 opes:
2238 1121 2312 1173 40

309 1194 468 1270 Quin
512 1201 613 1252 tua
654 1200 785 1253 tum
825 1193 1079 1251 iuvenes
1121 1198 1409 1271 spectent
1447 1192 1732 1251 incendia
1776 1192 1961 1269 laeti,

389 1277 518 1336 Nec
564 1278 880 1355 quisquam
922 1277 1200 1336 fiammae
1242 1273 1494 1334 sedulus
1529 1274 1714 1334 addat
1756 1296 1990 1355 aquam.

306 1361 428 1420 Seu
468 1353 678 1420 veniet
713 1361 831 1419 tibi
872 1378 1070 1437 mors,
1110 1377 1226 1419 nec
1269 1360 1392 1418 erit
1437 1360 1543 1437 qui
1584 1357 1797 1436 lugeat
1836 1359 2037 1436 ullus,

389 1440 666 1522 Nec'qui
713 1443 822 1504 det
861 1450 1123 1504 maestas
1168 1462 1383 1502 munus
1424 1444 1489 1501 in
1531 1445 1839 1521 exequias.

305 1530 387 1589 At
427 1530 588 1587 bona
631 1546 787 1607 quae
829 1547 947 1587 nec
994 1547 1169 1586 avara
1209 1527 1360 1603 fuit,
1406 1533 1650 1586 centum
1685 1526 1838 1587 licet
1876 1546 2076 1588 annos
2236 1539 2305 1589 45

388 1614 665 1688 Vixerit,
710 1610 1032 1672 ardentem
1077 1611 1327 1670 flebitur
1371 1615 1512 1669 ante
1557 1629 1806 1687 rogumt

304 1698 508 1773 Atque
549 1695 768 1775 aliquis
807 1698 1019 1756 senior
1060 1701 1306 1754 veteres
1346 1699 1677 1755 veneratus
1722 1715 1962 1757 amores

388 1781 605 1839 Annua
647 1785 1000 1840 constructo
1043 1784 1210 1838 serta
1254 1776 1426 1837 dabit
1467 1777 1703 1838 tumulo

303 1863 384 1923 Et
426 1865 663 1924 ‘bene'
711 1860 1036 1921 discedens
1083 1861 1252 1920 dicet
1296 1860 1703 1937 ‘placideque
1750 1863 2062 1937 quiescas,

391 1947 714 2027 Terraque
758 1961 1009 2004 securae
1055 1944 1138 2002 sit
1177 1961 1365 2019 super
1410 1961 1549 2001 ossa
1589 1940 1789 2002 levis.'
2234 1957 2305 2007 50

304 2033 469 2093 Vera
514 2031 761 2110 quidem
799 2044 1053 2103 moneo,
1096 2024 1207 2085 sed
1253 2032 1515 2103 prosunt
1555 2024 1707 2101 quid
1747 2027 1898 2086 mihi
1941 2028 2130 2088 vera?

386 2115 558 2175 Illius
603 2121 700 2175 est
735 2112 913 2172 nobis
958 2110 1100 2188 lege
1140 2105 1437 2168 colendus
1483 2110 1692 2168 Amor.

303 2200 462 2274 Quin
504 2200 687 2259 etiam
731 2194 912 2256 sedes
949 2196 1158 2254 iubeat
1200 2194 1252 2252 si
1282 2179 1556 2251 vendere
1588 2195 1807 2271 avitas,

387 2284 476 2342 lte
521 2283 631 2341 sub
674 2280 998 2357 imperium
1043 2279 1153 2336 sub
1196 2272 1601 2353 titulumque,
1645 2278 1852 2338 LareS.

302 2364 606 2442 Quicquid
648 2363 837 2423 habet
878 2361 1094 2436 Circe,
1143 2358 1433 2437 quicquid
1476 2360 1703 2421 Medea
1745 2365 1997 2440 veneni,
2230 2373 2297 2425 55

386 2446 689 2524 Quicquid
732 2451 798 2505 et
837 2444 1167 2503 herbarum
1213 2442 1516 2502 Thessala
1551 2451 1723 2505 terra
1763 2448 1958 2523 gerit,

299 2534 381 2593 Et
425 2530 618 2609 quod,
662 2530 766 2588 ubi
805 2525 1121 2587 indomitis
1166 2527 1453 2604 gregibus
1498 2529 1709 2590 Venus
1755 2530 1925 2589 afflat
1966 2548 2236 2606 amoreS,

383 2615 798 2693 Hippomanes
842 2607 1097 2688 cupidae
1143 2610 1335 2671 stillat
1373 2612 1445 2670 ab
1488 2612 1739 2691 inguine
1785 2631 2014 2690 equae,

302 2699 366 2758 Si
410 2695 588 2757 modo
635 2713 734 2755 me
773 2692 1017 2773 placido
1063 2692 1269 2753 videat
1303 2694 1583 2755 Nemesis
1625 2716 1761 2756 mea
1796 2694 2001 2774 vultu,

383 2779 564 2841 Mille
608 2778 756 2840 alias
801 2778 1024 2838 herbas
1066 2779 1322 2837 misceat
1357 2776 1501 2857 illa,
1547 2782 1766 2840 bibam.
2227 2790 2296 2842 60

1245 2996 1325 3059 V.

295 3081 589 3193 Phoebe,
634 3114 805 3175 fave:
850 3135 1039 3177 novus
1080 3115 1431 3195 ingreditur
1474 3118 1578 3171 tua
1623 3110 1853 3192 templa
1896 3114 2217 3178 sacerdos:

377 3200 515 3260 Huc
557 3216 668 3278 age
713 3219 849 3261 cum
893 3201 1127 3260 cithara
1165 3197 1658 3274 carminibusque
1695 3196 1854 3258 veni.

291 3284 465 3343 Nunc
507 3289 573 3343 te
616 3282 858 3344 vocales
900 3282 1226 3362 impeHere
1269 3277 1503 3358 pollice
1550 3278 1843 3357 chordas,

376 3366 549 3426 Nunc
587 3386 811 3446 precor
851 3364 926 3425 ad
968 3364 1184 3424 laudes
1226 3366 1484 3423 flectere
1525 3363 1713 3422 verba
1755 3380 1906 3422 mea.

290 3450 429 3531 Ipse
469 3449 826 3531 triumphali
864 3448 1182 3508 devinctus
1221 3455 1502 3528 tempora
1541 3444 1751 3525 lauro,
2257 3455 2291 3507 5
