2578 3898
371 185 450 249 18
1073 176 1365 240 TIBULLI
1406 177 1543 239 LIB.
1573 177 1619 240 1.
1650 189 1703 244 8.

451 351 541 413 Ut
580 350 793 410 foveas
834 344 1009 409 molli
1050 343 1280 424 frigida
1320 346 1598 405 membra
1641 346 1798 409 sinu.
2315 358 2388 412 30

371 436 594 499 Carior
639 439 739 494 est
778 449 928 491 auro
971 431 1246 507 iuvenis,
1293 430 1392 488 cui
1432 428 1595 489 levia
1635 428 1883 507 fulgent

456 518 585 580 Ora
624 535 744 577 nec
790 513 1106 594 amplexus
1149 530 1373 593 aspera
1408 514 1600 573 barba
1639 515 1810 573 terit.

369 604 532 663 Huic
574 608 644 661 tu
688 599 1026 661 candentes
1069 598 1330 657 humero
1374 616 1652 677 suppone
1693 596 1995 677 lacertos,

455 688 539 748 Et
581 703 798 763 regum
840 700 1095 760 magnae
1139 680 1564 761 despiciantur
1605 700 1775 761 opes.

371 773 458 832 At
498 770 713 831 Venus
755 768 993 827 invenit
1033 784 1230 846 puero
1274 766 1678 826 succumbere
1718 765 1967 843 furtim,
2315 774 2387 828 35

456 854 613 913 Dum
648 857 844 911 tumet
885 856 951 911 et
993 856 1248 910 teneros
1296 850 1571 908 conserit
1612 868 1807 926 usque
1850 851 2051 927 sinus,

371 939 455 1000 Et
497 936 647 996 dare
692 933 1009 994 anhelanti
1051 933 1464 1011 pugnantibus
1508 931 1759 991 humida
1799 930 2028 1011 linguis

458 1017 686 1081 Oscula
728 1023 794 1079 et
836 1020 903 1077 in
947 1014 1113 1077 collo
1157 1017 1354 1093 figere
1400 1014 1588 1074 <lente
1631 1023 1829 1076 notas.

372 1104 510 1164 Non
553 1102 712 1182 lapis
754 1104 914 1162 hanc
956 1116 1356 1178 gemmaeque
1399 1100 1638 1177 iuvant,
1695 1118 1853 1179 quae
1894 1100 2133 1179 frigore
2172 1099 2304 1161 sola

458 1188 740 1247 Dormiat
782 1192 849 1246 et
884 1183 1044 1244 nulli
1089 1184 1171 1243 sit
1214 1182 1519 1262 cupienda
1559 1184 1714 1243 viro.
2316 1192 2391 1245 40

376 1272 518 1331 Heu
566 1289 707 1330 sero
749 1274 1075 1329 revocatur
1122 1287 1292 1327 amor
1333 1285 1602 1345 seroque
1635 1268 1916 1346 iuventa,

464 1356 617 1414 Cum
661 1359 837 1413 vetus
878 1352 1102 1412 infecit
1146 1371 1298 1411 cana
1337 1359 1589 1411 senecta
1633 1358 1831 1432 caput.

380 1439 539 1498 Tum
583 1436 853 1497 studium
893 1437 1130 1496 formae
1176 1442 1305 1495 est:
1353 1455 1526 1495 coma
1568 1443 1698 1496 tum
1739 1442 2041 1513 mutatur,
2085 1442 2153 1495 ut
2198 1454 2393 1496 annos

461 1520 823 1581 Dissimulet
862 1518 1048 1580 viridi
1091 1520 1328 1579 cortice
1369 1520 1565 1579 tincta
1607 1520 1813 1578 nucis:

380 1603 644 1665 Tollere
690 1611 817 1664 tum
862 1624 1007 1664 cura
1050 1608 1146 1662 est
1189 1600 1364 1661 albos
1408 1622 1442 1659 a
1485 1602 1681 1680 stirpe
1728 1598 1987 1680 capillos
2320 1610 2394 1664 45

462 1689 546 1747 Et
586 1689 809 1748 faciem
857 1687 1105 1766 dempta
1146 1684 1315 1766 pelle
1361 1685 1611 1745 referre
1653 1704 1890 1745 novam.

377 1773 463 1831 At
503 1777 603 1849 tu,
644 1771 787 1833 dum
824 1772 1009 1853 primi
1050 1772 1238 1831 floret
1277 1770 1394 1829 tibi
1436 1770 1733 1851 temporis
1778 1775 1978 1846 aetas,

461 1855 693 1915 Utere:
741 1874 866 1916 non
904 1852 1083 1914 tardo
1126 1851 1361 1912 labitur
1401 1851 1512 1912 illa
1550 1852 1733 1931 pede.

381 1936 488 1999 Sei
532 1939 882 2000 Marathum
921 1942 1210 2013 torques,
1253 1953 1451 2014 puero
1498 1953 1654 2012 quae
1702 1934 1897 2010 gloria
1938 1934 2096 1995 victo
2142 1933 2285 1995 est?

465 2023 535 2082 In
572 2030 818 2084 veteres
865 2026 998 2080 esto
1045 2017 1230 2095 dura,
1271 2015 1514 2096 puella,
1557 2034 1755 2077 senes.
2320 2028 2395 2080 50

377 2106 574 2166 Parce
616 2125 843 2186 precor
876 2110 1138 2179 tenero:
1176 2120 1303 2161 non
1342 2099 1442 2160 illi
1485 2101 1724 2161 sontica
1768 2119 1947 2161 causa
1989 2106 2116 2179 est,

467 2190 596 2250 Sed
635 2190 858 2248 nimius
900 2187 1032 2248 luto
1073 2205 1336 2265 corpora
1378 2186 1566 2263 tingit
1605 2203 1795 2244 amor.

381 2273 502 2334 Vel
538 2274 728 2332 miser
774 2272 1014 2332 absenti
1054 2276 1318 2330 maestas
1355 2289 1533 2348 qnam
1574 2286 1760 2347 saepe
1807 2265 2094 2347 querelas

465 2356 737 2416 coniicit
776 2361 841 2414 et
880 2353 1149 2413 lacrimis
1193 2354 1396 2412 omnia
1435 2351 1624 2431 plena
1665 2351 1944 2411 madent!

383 2438 584 2516 ‘Quid
622 2456 721 2497 me
764 2436 1089 2517 spernis‘3’
1137 2436 1240 2495 ait.
1286 2442 1572 2515 ‘poterat
1614 2434 1892 2496 custodia
1931 2436 2122 2496 vinci:
2323 2446 2393 2498 55

463 2523 602 2601 Ipse
648 2519 823 2579 dedit
866 2518 1104 2597 cupidis
1145 2517 1372 2579 fallere
1414 2538 1600 2599 posse
1645 2518 1817 2580 deus.

382 2604 542 2667 Nota
582 2605 795 2666 Venus
832 2603 1061 2662 furtiva
1103 2603 1254 2662 mihi
1295 2608 1425 2681 est,
1469 2610 1539 2664 ut
1578 2602 1742 2663 lenis
1787 2609 2000 2681 agatur

467 2687 768 2768 Spiritus,
812 2690 881 2744 ut
919 2703 1037 2746 nec
1079 2684 1232 2746 dent
1275 2685 1496 2747 oscula·
1530 2694 1706 2769 rapta
1752 2705 1999 2747 sonum:

380 2774 465 2834 Et
506 2788 754 2857 possum
795 2767 1000 2830 media
1044 2772 1314 2849 quamvis
1357 2773 1664 2852 obrepere
1710 2778 1895 2831 nocte

464 2854 549 2913 Et
591 2853 860 2931 strepitu
901 2852 1077 2914 nullo
1123 2852 1281 2916 clam
1319 2867 1607 2916 reserare
1643 2855 1835 2915 fores.
2321 2862 2393 2916 60

384 2935 547 3013 Quid
584 2943 847 3014 prosunt
890 2945 1087 3016 artes,
1130 2940 1425 2999 miserum
1468 2941 1521 2999 si
1564 2940 1806 3018 spernit
1847 2945 2149 2998 amantem

465 3020 546 3079 Et
589 3018 751 3096 fugit
789 3039 864 3080 ex
904 3021 1038 3099 ipso
1083 3040 1262 3081 saeva
1302 3021 1514 3102 puella
1552 3023 1741 3082 toro?

383 3103 502 3166 Vel
544 3122 680 3163 cum
721 3105 1064 3183 promittit,
1109 3106 1314 3166 subito
1359 3105 1472 3166 sed
1510 3106 1752 3186 perfida
1783 3103 1980 3185 fallit,

465 3188 582 3248 Est
623 3189 774 3248 mihi
819 3209 940 3249 nox
981 3189 1193 3250 multis
1231 3189 1578 3269 evigilanda
1616 3189 1812 3251 malis.

381 3271 536 3331 Dum
579 3273 731 3332 mihi
769 3281 1088 3335 venturam
1128 3276 1325 3353 fingo,
1371 3274 1780 3354 quodcunque
1820 3279 2134 3351 movetur,
2322 3280 2391 3335 65

464 3353 640 3416 Illius
686 3357 875 3417 credo
921 3364 1069 3419 tunc
1114 3361 1396 3420 sonuisse
1436 3358 1705 3439 pedem?

379 3436 659 3502 Desistas
700 3439 1062 3523 lacrimare,
1103 3462 1298 3525 puer:
1341 3463 1465 3504 non
1507 3444 1817 3522 frangitur
1857 3439 2003 3521 illa,-
