<?xml version="1.0" encoding="UTF-8"?>
<!DOCTYPE html PUBLIC "-//W3C//DTD XHTML 1.0 Transitional//EN"
    "http://www.w3.org/TR/xhtml1/DTD/xhtml1-transitional.dtd">
<html xmlns="http://www.w3.org/1999/xhtml" xml:lang="en" lang="en">
 <head>
  <title>
</title>
<meta http-equiv="Content-Type" content="text/html;charset=utf-8" />
  <meta name='ocr-system' content='tesseract 3.04.00' />
  <meta name='ocr-capabilities' content='ocr_page ocr_carea ocr_par ocr_line ocrx_word'/>
</head>
<body>
  <div class='ocr_page' id='page_1' title='image "./libriquattuorre00tibugoog_0063.png"; bbox 0 0 2578 3898; ppageno 0'>
   <div class='ocr_carea' id='block_1_1' title="bbox 861 157 2215 262">
    <p class='ocr_par' dir='ltr' id='par_1_1' title="bbox 861 157 2215 262">
     <span class='ocr_line' id='line_1_1' title="bbox 861 157 2215 262; baseline 0.003 -4"><span class='ocrx_word' id='word_1_1' title='bbox 861 196 1152 261; x_wconf 75' lang='lat' dir='ltr'><strong>rmum</strong></span> <span class='ocrx_word' id='word_1_2' title='bbox 1189 157 1325 257; x_wconf 71' lang='lat' dir='ltr'><strong>m.</strong></span> <span class='ocrx_word' id='word_1_3' title='bbox 1358 196 1455 257; x_wconf 92' lang='lat' dir='ltr'><strong>1v.</strong></span> <span class='ocrx_word' id='word_1_4' title='bbox 1491 209 1542 260; x_wconf 92' lang='lat'><strong>1.</strong></span> <span class='ocrx_word' id='word_1_5' title='bbox 2133 202 2215 262; x_wconf 80' lang='lat'><strong>49</strong></span> 
     </span>
    </p>
   </div>
   <div class='ocr_carea' id='block_1_2' title="bbox 170 363 2230 3589">
    <p class='ocr_par' dir='ltr' id='par_1_2' title="bbox 170 363 2230 3589">
     <span class='ocr_line' id='line_1_2' title="bbox 210 363 1739 446; baseline -0.001 -18"><span class='ocrx_word' id='word_1_6' title='bbox 210 369 392 446; x_wconf 87' lang='lat' dir='ltr'><strong>Impia</strong></span> <span class='ocrx_word' id='word_1_7' title='bbox 434 385 550 427; x_wconf 87' lang='lat' dir='ltr'><strong>nec</strong></span> <span class='ocrx_word' id='word_1_8' title='bbox 592 366 789 427; x_wconf 81' lang='lat' dir='ltr'><strong>saevis</strong></span> <span class='ocrx_word' id='word_1_9' title='bbox 832 364 1156 425; x_wconf 84' lang='lat' dir='ltr'><strong>celebrans</strong></span> <span class='ocrx_word' id='word_1_10' title='bbox 1193 363 1470 424; x_wconf 82' lang='lat' dir='ltr'><strong>convivia</strong></span> <span class='ocrx_word' id='word_1_11' title='bbox 1510 366 1739 426; x_wconf 85' lang='lat' dir='ltr'><strong>mensis</strong></span> 
     </span>
     <span class='ocr_line' id='line_1_3' title="bbox 209 446 2217 512; baseline 0 -1"><span class='ocrx_word' id='word_1_12' title='bbox 209 450 433 512; x_wconf 88' lang='lat' dir='ltr'><strong>Ultima</strong></span> <span class='ocrx_word' id='word_1_13' title='bbox 473 451 708 509; x_wconf 82' lang='lat' dir='ltr'><strong>vicinus</strong></span> <span class='ocrx_word' id='word_1_14' title='bbox 749 450 1005 509; x_wconf 86' lang='lat' dir='ltr'><strong>Phoebo</strong></span> <span class='ocrx_word' id='word_1_15' title='bbox 1047 455 1226 508; x_wconf 87' lang='lat' dir='ltr'><strong>tenet</strong></span> <span class='ocrx_word' id='word_1_16' title='bbox 1270 466 1413 507; x_wconf 86' lang='lat' dir='ltr'><strong>arva</strong></span> <span class='ocrx_word' id='word_1_17' title='bbox 1452 446 1765 508; x_wconf 81' lang='lat' dir='ltr'><strong>Padaeus:</strong></span> <span class='ocrx_word' id='word_1_18' title='bbox 2118 460 2217 512; x_wconf 76' lang='lat'><strong>145</strong></span> 
     </span>
     <span class='ocr_line' id='line_1_4' title="bbox 211 531 2168 613; baseline 0 -21"><span class='ocrx_word' id='word_1_19' title='bbox 211 535 456 611; x_wconf 79' lang='lat' dir='ltr'><strong>Quaque</strong></span> <span class='ocrx_word' id='word_1_20' title='bbox 499 533 748 592; x_wconf 82' lang='lat' dir='ltr'><strong>Hebrus</strong></span> <span class='ocrx_word' id='word_1_21' title='bbox 792 532 1140 609; x_wconf 75' lang='lat' dir='ltr'><strong>Tanaisque</strong></span> <span class='ocrx_word' id='word_1_22' title='bbox 1178 532 1370 591; x_wconf 86' lang='lat' dir='ltr'><strong>Getas</strong></span> <span class='ocrx_word' id='word_1_23' title='bbox 1414 531 1576 607; x_wconf 91' lang='lat' dir='ltr'><strong>rigat</strong></span> <span class='ocrx_word' id='word_1_24' title='bbox 1618 538 1802 610; x_wconf 91' lang='lat' dir='ltr'><strong>atque</strong></span> <span class='ocrx_word' id='word_1_25' title='bbox 1847 533 2168 613; x_wconf 83' lang='lat' dir='ltr'><strong>Magynos,</strong></span> 
     </span>
     <span class='ocr_line' id='line_1_5' title="bbox 210 615 1992 694; baseline 0 -19"><span class='ocrx_word' id='word_1_26' title='bbox 210 615 366 692; x_wconf 79' lang='lat' dir='ltr'><strong>Quid</strong></span> <span class='ocrx_word' id='word_1_27' title='bbox 409 615 664 675; x_wconf 72' lang='lat' dir='ltr'><strong>moror?</strong></span> <span class='ocrx_word' id='word_1_28' title='bbox 700 615 982 674; x_wconf 78' lang='lat' dir='ltr'><strong>Oceanus</strong></span> <span class='ocrx_word' id='word_1_29' title='bbox 1025 620 1218 693; x_wconf 91' lang='lat' dir='ltr'><strong>ponto</strong></span> <span class='ocrx_word' id='word_1_30' title='bbox 1266 633 1386 693; x_wconf 85' lang='lat' dir='ltr'><strong>qua</strong></span> <span class='ocrx_word' id='word_1_31' title='bbox 1428 616 1708 674; x_wconf 88' lang='lat' dir='ltr'><strong>continet</strong></span> <span class='ocrx_word' id='word_1_32' title='bbox 1743 618 1992 694; x_wconf 88' lang='lat' dir='ltr'><strong>orbem,</strong></span> 
     </span>
     <span class='ocr_line' id='line_1_6' title="bbox 208 697 1783 775; baseline 0 -17"><span class='ocrx_word' id='word_1_33' title='bbox 208 698 389 759; x_wconf 90' lang='lat' dir='ltr'><strong>Nulla</strong></span> <span class='ocrx_word' id='word_1_34' title='bbox 425 699 541 758; x_wconf 86' lang='lat' dir='ltr'><strong>tibi</strong></span> <span class='ocrx_word' id='word_1_35' title='bbox 586 697 860 757; x_wconf 87' lang='lat' dir='ltr'><strong>adversis</strong></span> <span class='ocrx_word' id='word_1_36' title='bbox 903 699 1078 775; x_wconf 88' lang='lat' dir='ltr'><strong>regio</strong></span> <span class='ocrx_word' id='word_1_37' title='bbox 1126 716 1265 758; x_wconf 87' lang='lat' dir='ltr'><strong>sese</strong></span> <span class='ocrx_word' id='word_1_38' title='bbox 1309 698 1538 757; x_wconf 85' lang='lat' dir='ltr'><strong>offeret</strong></span> <span class='ocrx_word' id='word_1_39' title='bbox 1582 700 1783 758; x_wconf 69' lang='lat' dir='ltr'><strong>armis</strong></span> 
     </span>
     <span class='ocr_line' id='line_1_7' title="bbox 211 780 1797 841; baseline 0 0"><span class='ocrx_word' id='word_1_40' title='bbox 211 781 303 841; x_wconf 90' lang='lat' dir='ltr'><strong>Te</strong></span> <span class='ocrx_word' id='word_1_41' title='bbox 341 789 550 841; x_wconf 92' lang='lat' dir='ltr'><strong>manet</strong></span> <span class='ocrx_word' id='word_1_42' title='bbox 590 781 855 840; x_wconf 86' lang='lat' dir='ltr'><strong>invictus</strong></span> <span class='ocrx_word' id='word_1_43' title='bbox 895 780 1170 840; x_wconf 87' lang='lat' dir='ltr'><strong>Romano</strong></span> <span class='ocrx_word' id='word_1_44' title='bbox 1215 782 1423 841; x_wconf 89' lang='lat' dir='ltr'><strong>Marte</strong></span> <span class='ocrx_word' id='word_1_45' title='bbox 1472 782 1797 841; x_wconf 83' lang='lat' dir='ltr'><strong>Britannus</strong></span> 
     </span>
     <span class='ocr_line' id='line_1_8' title="bbox 211 862 2222 944; baseline 0.002 -21"><span class='ocrx_word' id='word_1_46' title='bbox 211 864 426 942; x_wconf 91' lang='lat' dir='ltr'><strong>Teque</strong></span> <span class='ocrx_word' id='word_1_47' title='bbox 468 865 801 924; x_wconf 89' lang='lat' dir='ltr'><strong>interiecto</strong></span> <span class='ocrx_word' id='word_1_48' title='bbox 845 864 1056 923; x_wconf 86' lang='lat' dir='ltr'><strong>mundi</strong></span> <span class='ocrx_word' id='word_1_49' title='bbox 1098 884 1242 944; x_wconf 89' lang='lat' dir='ltr'><strong>pars</strong></span> <span class='ocrx_word' id='word_1_50' title='bbox 1285 863 1483 924; x_wconf 82' lang='lat' dir='ltr'><strong>altera</strong></span> <span class='ocrx_word' id='word_1_51' title='bbox 1520 862 1675 925; x_wconf 89' lang='lat' dir='ltr'><strong>sole.</strong></span> <span class='ocrx_word' id='word_1_52' title='bbox 2124 880 2222 930; x_wconf 80' lang='lat'><strong>150</strong></span> 
     </span>
     <span class='ocr_line' id='line_1_9' title="bbox 208 945 1620 1007; baseline 0.001 -1"><span class='ocrx_word' id='word_1_53' title='bbox 208 946 354 1006; x_wconf 91' lang='lat' dir='ltr'><strong>Nam</strong></span> <span class='ocrx_word' id='word_1_54' title='bbox 400 948 769 1007; x_wconf 83' lang='lat' dir='ltr'><strong>circumfuso</strong></span> <span class='ocrx_word' id='word_1_55' title='bbox 808 948 1092 1006; x_wconf 76' lang='lat' dir='ltr'><strong>consistit</strong></span> <span class='ocrx_word' id='word_1_56' title='bbox 1132 948 1197 1006; x_wconf 90' lang='lat' dir='ltr'><strong>in</strong></span> <span class='ocrx_word' id='word_1_57' title='bbox 1242 965 1387 1007; x_wconf 90' lang='lat' dir='ltr'><strong>aere</strong></span> <span class='ocrx_word' id='word_1_58' title='bbox 1431 945 1620 1007; x_wconf 90' lang='lat' dir='ltr'><strong>tellus</strong></span> 
     </span>
     <span class='ocr_line' id='line_1_10' title="bbox 209 1029 1749 1110; baseline -0.001 -19"><span class='ocrx_word' id='word_1_59' title='bbox 209 1032 298 1097; x_wconf 59' lang='lat' dir='ltr'><strong>Et,</strong></span> <span class='ocrx_word' id='word_1_60' title='bbox 333 1032 602 1109; x_wconf 87' lang='lat' dir='ltr'><strong>quinque</strong></span> <span class='ocrx_word' id='word_1_61' title='bbox 643 1031 710 1089; x_wconf 91' lang='lat' dir='ltr'><strong>in</strong></span> <span class='ocrx_word' id='word_1_62' title='bbox 751 1037 962 1109; x_wconf 89' lang='lat' dir='ltr'><strong>partes</strong></span> <span class='ocrx_word' id='word_1_63' title='bbox 1007 1037 1141 1089; x_wconf 90' lang='lat' dir='ltr'><strong>toto</strong></span> <span class='ocrx_word' id='word_1_64' title='bbox 1185 1029 1535 1110; x_wconf 80' lang='lat' dir='ltr'><strong>disponitur</strong></span> <span class='ocrx_word' id='word_1_65' title='bbox 1578 1034 1749 1091; x_wconf 88' lang='lat' dir='ltr'><strong>orbe.</strong></span> 
     </span>
     <span class='ocr_line' id='line_1_11' title="bbox 210 1112 1815 1195; baseline 0.002 -23"><span class='ocrx_word' id='word_1_66' title='bbox 210 1114 411 1191; x_wconf 87' lang='lat' dir='ltr'><strong>Atque</strong></span> <span class='ocrx_word' id='word_1_67' title='bbox 456 1113 612 1173; x_wconf 89' lang='lat' dir='ltr'><strong>duae</strong></span> <span class='ocrx_word' id='word_1_68' title='bbox 655 1112 860 1192; x_wconf 87' lang='lat' dir='ltr'><strong>gelido</strong></span> <span class='ocrx_word' id='word_1_69' title='bbox 899 1121 1213 1173; x_wconf 87' lang='lat' dir='ltr'><strong>vastantur</strong></span> <span class='ocrx_word' id='word_1_70' title='bbox 1257 1115 1496 1192; x_wconf 84' lang='lat' dir='ltr'><strong>frigore</strong></span> <span class='ocrx_word' id='word_1_71' title='bbox 1538 1133 1815 1195; x_wconf 85' lang='lat' dir='ltr'><strong>semper:</strong></span> 
     </span>
     <span class='ocr_line' id='line_1_12' title="bbox 210 1195 1644 1275; baseline 0 -19"><span class='ocrx_word' id='word_1_72' title='bbox 210 1196 338 1257; x_wconf 84' lang='lat' dir='ltr'><strong>lllic</strong></span> <span class='ocrx_word' id='word_1_73' title='bbox 381 1204 446 1256; x_wconf 92' lang='lat' dir='ltr'><strong>et</strong></span> <span class='ocrx_word' id='word_1_74' title='bbox 490 1195 680 1256; x_wconf 87' lang='lat' dir='ltr'><strong>densa</strong></span> <span class='ocrx_word' id='word_1_75' title='bbox 721 1195 912 1256; x_wconf 86' lang='lat' dir='ltr'><strong>tellus</strong></span> <span class='ocrx_word' id='word_1_76' title='bbox 956 1196 1357 1257; x_wconf 84' lang='lat' dir='ltr'><strong>absconditur</strong></span> <span class='ocrx_word' id='word_1_77' title='bbox 1396 1198 1644 1275; x_wconf 86' lang='lat' dir='ltr'><strong>umbra,</strong></span> 
     </span>
     <span class='ocr_line' id='line_1_13' title="bbox 209 1278 2221 1360; baseline 0 -18"><span class='ocrx_word' id='word_1_78' title='bbox 209 1281 291 1342; x_wconf 82' lang='lat' dir='ltr'><strong>Et</strong></span> <span class='ocrx_word' id='word_1_79' title='bbox 329 1279 501 1339; x_wconf 90' lang='lat' dir='ltr'><strong>nulla</strong></span> <span class='ocrx_word' id='word_1_80' title='bbox 539 1281 790 1359; x_wconf 89' lang='lat' dir='ltr'><strong>incepto</strong></span> <span class='ocrx_word' id='word_1_81' title='bbox 832 1278 1182 1360; x_wconf 85' lang='lat' dir='ltr'><strong>perlabitur</strong></span> <span class='ocrx_word' id='word_1_82' title='bbox 1223 1280 1387 1339; x_wconf 89' lang='lat' dir='ltr'><strong>unda</strong></span> <span class='ocrx_word' id='word_1_83' title='bbox 1426 1279 1710 1359; x_wconf 84' lang='lat' dir='ltr'><strong>liquore,</strong></span> <span class='ocrx_word' id='word_1_84' title='bbox 2124 1296 2221 1345; x_wconf 71' lang='lat'><strong>155</strong></span> 
     </span>
     <span class='ocr_line' id='line_1_14' title="bbox 211 1361 2037 1443; baseline 0.002 -21"><span class='ocrx_word' id='word_1_85' title='bbox 211 1361 338 1422; x_wconf 88' lang='lat' dir='ltr'><strong>Sed</strong></span> <span class='ocrx_word' id='word_1_86' title='bbox 379 1362 596 1422; x_wconf 87' lang='lat' dir='ltr'><strong>durata</strong></span> <span class='ocrx_word' id='word_1_87' title='bbox 635 1366 801 1441; x_wconf 88' lang='lat' dir='ltr'><strong>riget</strong></span> <span class='ocrx_word' id='word_1_88' title='bbox 844 1362 1095 1423; x_wconf 88' lang='lat' dir='ltr'><strong>densam</strong></span> <span class='ocrx_word' id='word_1_89' title='bbox 1136 1365 1198 1422; x_wconf 87' lang='lat' dir='ltr'><strong>in</strong></span> <span class='ocrx_word' id='word_1_90' title='bbox 1246 1363 1632 1441; x_wconf 84' lang='lat' dir='ltr'><strong>glaciemque</strong></span> <span class='ocrx_word' id='word_1_91' title='bbox 1675 1366 2037 1443; x_wconf 84' lang='lat' dir='ltr'><strong>nivemque‚</strong></span> 
     </span>
     <span class='ocr_line' id='line_1_15' title="bbox 211 1446 2012 1526; baseline 0.002 -22"><span class='ocrx_word' id='word_1_92' title='bbox 211 1447 453 1526; x_wconf 75' lang='lat' dir='ltr'><strong>Quippe</strong></span> <span class='ocrx_word' id='word_1_93' title='bbox 495 1447 602 1505; x_wconf 91' lang='lat' dir='ltr'><strong>ubi</strong></span> <span class='ocrx_word' id='word_1_94' title='bbox 645 1465 770 1506; x_wconf 95' lang='lat' dir='ltr'><strong>non</strong></span> <span class='ocrx_word' id='word_1_95' title='bbox 810 1465 1075 1524; x_wconf 88' lang='lat' dir='ltr'><strong>unquam</strong></span> <span class='ocrx_word' id='word_1_96' title='bbox 1119 1446 1306 1506; x_wconf 87' lang='lat' dir='ltr'><strong>Titan</strong></span> <span class='ocrx_word' id='word_1_97' title='bbox 1343 1465 1531 1524; x_wconf 91' lang='lat' dir='ltr'><strong>super</strong></span> <span class='ocrx_word' id='word_1_98' title='bbox 1575 1449 1778 1524; x_wconf 85' lang='lat' dir='ltr'><strong>egerit</strong></span> <span class='ocrx_word' id='word_1_99' title='bbox 1821 1457 2012 1507; x_wconf 87' lang='lat' dir='ltr'><strong>ortus.</strong></span> 
     </span>
     <span class='ocr_line' id='line_1_16' title="bbox 210 1527 1843 1608; baseline 0 -19"><span class='ocrx_word' id='word_1_100' title='bbox 210 1530 294 1590; x_wconf 87' lang='lat' dir='ltr'><strong>At</strong></span> <span class='ocrx_word' id='word_1_101' title='bbox 335 1527 537 1589; x_wconf 86' lang='lat' dir='ltr'><strong>media</strong></span> <span class='ocrx_word' id='word_1_102' title='bbox 581 1536 679 1589; x_wconf 87' lang='lat' dir='ltr'><strong>est</strong></span> <span class='ocrx_word' id='word_1_103' title='bbox 720 1530 961 1590; x_wconf 91' lang='lat' dir='ltr'><strong>Phoebi</strong></span> <span class='ocrx_word' id='word_1_104' title='bbox 1005 1547 1254 1608; x_wconf 86' lang='lat' dir='ltr'><strong>semper</strong></span> <span class='ocrx_word' id='word_1_105' title='bbox 1292 1531 1571 1588; x_wconf 87' lang='lat' dir='ltr'><strong>subiecta</strong></span> <span class='ocrx_word' id='word_1_106' title='bbox 1615 1528 1843 1608; x_wconf 87' lang='lat' dir='ltr'><strong>calori,</strong></span> 
     </span>
     <span class='ocr_line' id='line_1_17' title="bbox 212 1613 1803 1693; baseline 0 -21"><span class='ocrx_word' id='word_1_107' title='bbox 212 1613 336 1672; x_wconf 88' lang='lat' dir='ltr'><strong>Seu</strong></span> <span class='ocrx_word' id='word_1_108' title='bbox 371 1613 628 1693; x_wconf 86' lang='lat' dir='ltr'><strong>propior</strong></span> <span class='ocrx_word' id='word_1_109' title='bbox 668 1615 858 1672; x_wconf 88' lang='lat' dir='ltr'><strong>terris</strong></span> <span class='ocrx_word' id='word_1_110' title='bbox 901 1614 1196 1673; x_wconf 89' lang='lat' dir='ltr'><strong>aestivum</strong></span> <span class='ocrx_word' id='word_1_111' title='bbox 1234 1613 1439 1672; x_wconf 83' lang='lat' dir='ltr'><strong>fertur</strong></span> <span class='ocrx_word' id='word_1_112' title='bbox 1479 1614 1544 1671; x_wconf 89' lang='lat' dir='ltr'><strong>in</strong></span> <span class='ocrx_word' id='word_1_113' title='bbox 1588 1615 1803 1672; x_wconf 90' lang='lat' dir='ltr'><strong>orbem</strong></span> 
     </span>
     <span class='ocr_line' id='line_1_18' title="bbox 211 1694 2227 1776; baseline 0 -21"><span class='ocrx_word' id='word_1_114' title='bbox 211 1696 335 1756; x_wconf 88' lang='lat' dir='ltr'><strong>Seu</strong></span> <span class='ocrx_word' id='word_1_115' title='bbox 376 1694 549 1755; x_wconf 90' lang='lat' dir='ltr'><strong>celer</strong></span> <span class='ocrx_word' id='word_1_116' title='bbox 590 1696 882 1756; x_wconf 89' lang='lat' dir='ltr'><strong>hibernas</strong></span> <span class='ocrx_word' id='word_1_117' title='bbox 922 1702 1222 1776; x_wconf 89' lang='lat' dir='ltr'><strong>properat</strong></span> <span class='ocrx_word' id='word_1_118' title='bbox 1263 1695 1603 1756; x_wconf 89' lang='lat' dir='ltr'><strong>decurrere</strong></span> <span class='ocrx_word' id='word_1_119' title='bbox 1647 1695 1854 1756; x_wconf 89' lang='lat' dir='ltr'><strong>luces:</strong></span> <span class='ocrx_word' id='word_1_120' title='bbox 2124 1708 2227 1762; x_wconf 84' lang='lat'><strong>160</strong></span> 
     </span>
     <span class='ocr_line' id='line_1_19' title="bbox 209 1776 1641 1859; baseline 0.001 -21"><span class='ocrx_word' id='word_1_121' title='bbox 209 1780 348 1838; x_wconf 87' lang='lat' dir='ltr'><strong>Non</strong></span> <span class='ocrx_word' id='word_1_122' title='bbox 390 1780 580 1856; x_wconf 87' lang='lat' dir='ltr'><strong>igitur</strong></span> <span class='ocrx_word' id='word_1_123' title='bbox 616 1796 834 1859; x_wconf 89' lang='lat' dir='ltr'><strong>presso</strong></span> <span class='ocrx_word' id='word_1_124' title='bbox 877 1776 1068 1839; x_wconf 86' lang='lat' dir='ltr'><strong>tellus</strong></span> <span class='ocrx_word' id='word_1_125' title='bbox 1111 1781 1358 1858; x_wconf 80' lang='lat' dir='ltr'><strong>exurgit</strong></span> <span class='ocrx_word' id='word_1_126' title='bbox 1400 1785 1641 1855; x_wconf 84' lang='lat' dir='ltr'><strong>aratro,</strong></span> 
     </span>
     <span class='ocr_line' id='line_1_20' title="bbox 208 1863 1971 1943; baseline 0.001 -21"><span class='ocrx_word' id='word_1_127' title='bbox 208 1863 340 1923; x_wconf 90' lang='lat' dir='ltr'><strong>Nec</strong></span> <span class='ocrx_word' id='word_1_128' title='bbox 383 1863 627 1940; x_wconf 87' lang='lat' dir='ltr'><strong>frugem</strong></span> <span class='ocrx_word' id='word_1_129' title='bbox 669 1868 915 1940; x_wconf 85' lang='lat' dir='ltr'><strong>segetes</strong></span> <span class='ocrx_word' id='word_1_130' title='bbox 958 1865 1264 1943; x_wconf 86' lang='lat' dir='ltr'><strong>praebent</strong></span> <span class='ocrx_word' id='word_1_131' title='bbox 1302 1883 1420 1923; x_wconf 91' lang='lat' dir='ltr'><strong>nec</strong></span> <span class='ocrx_word' id='word_1_132' title='bbox 1464 1863 1689 1943; x_wconf 89' lang='lat' dir='ltr'><strong>pabula</strong></span> <span class='ocrx_word' id='word_1_133' title='bbox 1729 1870 1971 1923; x_wconf 86' lang='lat' dir='ltr'><strong>terrae:</strong></span> 
     </span>
     <span class='ocr_line' id='line_1_21' title="bbox 208 1944 1859 2025; baseline 0.002 -19"><span class='ocrx_word' id='word_1_134' title='bbox 208 1946 346 2006; x_wconf 89' lang='lat' dir='ltr'><strong>Non</strong></span> <span class='ocrx_word' id='word_1_135' title='bbox 388 1944 522 2007; x_wconf 89' lang='lat' dir='ltr'><strong>illic</strong></span> <span class='ocrx_word' id='word_1_136' title='bbox 560 1944 709 2007; x_wconf 90' lang='lat' dir='ltr'><strong>colit</strong></span> <span class='ocrx_word' id='word_1_137' title='bbox 750 1967 892 2006; x_wconf 85' lang='lat' dir='ltr'><strong>arva</strong></span> <span class='ocrx_word' id='word_1_138' title='bbox 930 1945 1113 2023; x_wconf 84' lang='lat' dir='ltr'><strong>deus,</strong></span> <span class='ocrx_word' id='word_1_139' title='bbox 1158 1947 1512 2008; x_wconf 84' lang='lat' dir='ltr'><strong>Bacchusvc</strong></span> <span class='ocrx_word' id='word_1_140' title='bbox 1556 1949 1859 2025; x_wconf 81' lang='lat' dir='ltr'><strong>Ceresve,</strong></span> 
     </span>
     <span class='ocr_line' id='line_1_22' title="bbox 208 2030 1754 2111; baseline 0.001 -22"><span class='ocrx_word' id='word_1_141' title='bbox 208 2030 389 2090; x_wconf 87' lang='lat' dir='ltr'><strong>Nulla</strong></span> <span class='ocrx_word' id='word_1_142' title='bbox 430 2050 548 2089; x_wconf 91' lang='lat' dir='ltr'><strong>nec</strong></span> <span class='ocrx_word' id='word_1_143' title='bbox 595 2036 838 2090; x_wconf 85' lang='lat' dir='ltr'><strong>exustas</strong></span> <span class='ocrx_word' id='word_1_144' title='bbox 876 2032 1159 2091; x_wconf 91' lang='lat' dir='ltr'><strong>habitant</strong></span> <span class='ocrx_word' id='word_1_145' title='bbox 1201 2030 1487 2092; x_wconf 85' lang='lat' dir='ltr'><strong>animalia</strong></span> <span class='ocrx_word' id='word_1_146' title='bbox 1522 2039 1754 2111; x_wconf 87' lang='lat' dir='ltr'><strong>partes.</strong></span> 
     </span>
     <span class='ocr_line' id='line_1_23' title="bbox 208 2111 2224 2193; baseline 0.003 -21"><span class='ocrx_word' id='word_1_147' title='bbox 208 2111 470 2172; x_wconf 83' lang='lat' dir='ltr'><strong>Fertilis</strong></span> <span class='ocrx_word' id='word_1_148' title='bbox 513 2113 671 2171; x_wconf 91' lang='lat' dir='ltr'><strong>hanc</strong></span> <span class='ocrx_word' id='word_1_149' title='bbox 711 2114 881 2173; x_wconf 89' lang='lat' dir='ltr'><strong>inter</strong></span> <span class='ocrx_word' id='word_1_150' title='bbox 923 2116 1127 2193; x_wconf 87' lang='lat' dir='ltr'><strong>posita</strong></span> <span class='ocrx_word' id='word_1_151' title='bbox 1172 2122 1270 2173; x_wconf 89' lang='lat' dir='ltr'><strong>est</strong></span> <span class='ocrx_word' id='word_1_152' title='bbox 1311 2116 1602 2191; x_wconf 90' lang='lat' dir='ltr'><strong>interque</strong></span> <span class='ocrx_word' id='word_1_153' title='bbox 1645 2117 1924 2192; x_wconf 85' lang='lat' dir='ltr'><strong>rigentes</strong></span> <span class='ocrx_word' id='word_1_154' title='bbox 2125 2125 2224 2178; x_wconf 85' lang='grc'><strong>165</strong></span> 
     </span>
     <span class='ocr_line' id='line_1_24' title="bbox 170 2194 2057 2276; baseline 0.002 -21"><span class='ocrx_word' id='word_1_155' title='bbox 170 2205 184 2217; x_wconf 78' lang='grc'><strong>“</strong></span> <span class='ocrx_word' id='word_1_156' title='bbox 209 2197 562 2273; x_wconf 87' lang='lat' dir='ltr'><strong>Nostraque</strong></span> <span class='ocrx_word' id='word_1_157' title='bbox 606 2201 672 2255; x_wconf 83' lang='lat' dir='ltr'><strong>et</strong></span> <span class='ocrx_word' id='word_1_158' title='bbox 712 2196 857 2255; x_wconf 90' lang='lat' dir='ltr'><strong>huic</strong></span> <span class='ocrx_word' id='word_1_159' title='bbox 901 2195 1157 2255; x_wconf 84' lang='lat' dir='ltr'><strong>adversa</strong></span> <span class='ocrx_word' id='word_1_160' title='bbox 1201 2194 1336 2256; x_wconf 88' lang='lat' dir='ltr'><strong>solo</strong></span> <span class='ocrx_word' id='word_1_161' title='bbox 1379 2216 1523 2276; x_wconf 89' lang='lat' dir='ltr'><strong>pars</strong></span> <span class='ocrx_word' id='word_1_162' title='bbox 1566 2196 1764 2258; x_wconf 89' lang='lat' dir='ltr'><strong>altera</strong></span> <span class='ocrx_word' id='word_1_163' title='bbox 1803 2203 2057 2275; x_wconf 86' lang='lat' dir='ltr'><strong>nostro,</strong></span> 
     </span>
     <span class='ocr_line' id='line_1_25' title="bbox 210 2277 1692 2357; baseline 0.002 -19"><span class='ocrx_word' id='word_1_164' title='bbox 210 2281 375 2354; x_wconf 79' lang='lat' dir='ltr'><strong>Quas</strong></span> <span class='ocrx_word' id='word_1_165' title='bbox 414 2277 632 2339; x_wconf 85' lang='lat' dir='ltr'><strong>similis</strong></span> <span class='ocrx_word' id='word_1_166' title='bbox 674 2280 967 2357; x_wconf 88' lang='lat' dir='ltr'><strong>utrinque</strong></span> <span class='ocrx_word' id='word_1_167' title='bbox 1005 2285 1228 2339; x_wconf 86' lang='lat' dir='ltr'><strong>tenens</strong></span> <span class='ocrx_word' id='word_1_168' title='bbox 1269 2281 1493 2340; x_wconf 83' lang='lat' dir='ltr'><strong>vicinia</strong></span> <span class='ocrx_word' id='word_1_169' title='bbox 1535 2281 1692 2341; x_wconf 90' lang='lat' dir='ltr'><strong>caeli</strong></span> 
     </span>
     <span class='ocr_line' id='line_1_26' title="bbox 212 2361 1811 2442; baseline 0.002 -21"><span class='ocrx_word' id='word_1_170' title='bbox 212 2363 586 2442; x_wconf 86' lang='lat' dir='ltr'><strong>Temperat,</strong></span> <span class='ocrx_word' id='word_1_171' title='bbox 630 2362 792 2422; x_wconf 86' lang='lat' dir='ltr'><strong>alter</strong></span> <span class='ocrx_word' id='word_1_172' title='bbox 834 2368 900 2422; x_wconf 89' lang='lat' dir='ltr'><strong>et</strong></span> <span class='ocrx_word' id='word_1_173' title='bbox 939 2361 1195 2424; x_wconf 86' lang='lat' dir='ltr'><strong>alterius</strong></span> <span class='ocrx_word' id='word_1_174' title='bbox 1235 2364 1403 2423; x_wconf 85' lang='lat' dir='ltr'><strong>vires</strong></span> <span class='ocrx_word' id='word_1_175' title='bbox 1449 2371 1630 2425; x_wconf 87' lang='lat' dir='ltr'><strong>necat</strong></span> <span class='ocrx_word' id='word_1_176' title='bbox 1671 2383 1811 2430; x_wconf 74' lang='lat' dir='ltr'><strong>aer:</strong></span> 
     </span>
     <span class='ocr_line' id='line_1_27' title="bbox 206 2444 1969 2526; baseline 0.002 -22"><span class='ocrx_word' id='word_1_177' title='bbox 206 2446 375 2505; x_wconf 90' lang='lat' dir='ltr'><strong>Hinc</strong></span> <span class='ocrx_word' id='word_1_178' title='bbox 416 2444 692 2525; x_wconf 90' lang='lat' dir='ltr'><strong>placidus</strong></span> <span class='ocrx_word' id='word_1_179' title='bbox 735 2447 914 2506; x_wconf 87' lang='lat' dir='ltr'><strong>nobis</strong></span> <span class='ocrx_word' id='word_1_180' title='bbox 959 2466 1074 2525; x_wconf 91' lang='lat' dir='ltr'><strong>per</strong></span> <span class='ocrx_word' id='word_1_181' title='bbox 1116 2452 1397 2526; x_wconf 86' lang='lat' dir='ltr'><strong>tempora</strong></span> <span class='ocrx_word' id='word_1_182' title='bbox 1439 2450 1706 2508; x_wconf 82' lang='lat' dir='ltr'><strong>vertitur</strong></span> <span class='ocrx_word' id='word_1_183' title='bbox 1747 2467 1969 2508; x_wconf 90' lang='lat' dir='ltr'><strong>annus:</strong></span> 
     </span>
     <span class='ocr_line' id='line_1_28' title="bbox 206 2527 2230 2608; baseline 0.003 -20"><span class='ocrx_word' id='word_1_184' title='bbox 206 2530 332 2588; x_wconf 90' lang='lat' dir='ltr'><strong>Hic</strong></span> <span class='ocrx_word' id='word_1_185' title='bbox 377 2537 443 2590; x_wconf 88' lang='lat' dir='ltr'><strong>et</strong></span> <span class='ocrx_word' id='word_1_186' title='bbox 478 2528 635 2589; x_wconf 91' lang='lat' dir='ltr'><strong>colla</strong></span> <span class='ocrx_word' id='word_1_187' title='bbox 676 2532 819 2608; x_wconf 90' lang='lat' dir='ltr'><strong>iugo</strong></span> <span class='ocrx_word' id='word_1_188' title='bbox 864 2527 1084 2590; x_wconf 88' lang='lat' dir='ltr'><strong>didicit</strong></span> <span class='ocrx_word' id='word_1_189' title='bbox 1125 2532 1511 2590; x_wconf 86' lang='lat' dir='ltr'><strong>summittere</strong></span> <span class='ocrx_word' id='word_1_190' title='bbox 1553 2538 1764 2593; x_wconf 88' lang='lat' dir='ltr'><strong>taurus</strong></span> <span class='ocrx_word' id='word_1_191' title='bbox 2025 2603 2028 2608; x_wconf 86' lang='lat'>.</span> <span class='ocrx_word' id='word_1_192' title='bbox 2129 2542 2230 2595; x_wconf 88' lang='grc'><strong>170</strong></span> 
     </span>
     <span class='ocr_line' id='line_1_29' title="bbox 206 2609 1755 2691; baseline 0.002 -19"><span class='ocrx_word' id='word_1_193' title='bbox 206 2613 295 2672; x_wconf 85' lang='lat' dir='ltr'><strong>Et</strong></span> <span class='ocrx_word' id='word_1_194' title='bbox 331 2609 505 2672; x_wconf 85' lang='lat' dir='ltr'><strong>lenta</strong></span> <span class='ocrx_word' id='word_1_195' title='bbox 547 2610 828 2675; x_wconf 83' lang='lat' dir='ltr'><strong>excelsos</strong></span> <span class='ocrx_word' id='word_1_196' title='bbox 870 2615 1012 2674; x_wconf 75' lang='lat' dir='ltr'><strong>vitiu</strong></span> <span class='ocrx_word' id='word_1_197' title='bbox 1056 2613 1480 2675; x_wconf 88' lang='lat' dir='ltr'><strong>conscendere</strong></span> <span class='ocrx_word' id='word_1_198' title='bbox 1519 2633 1755 2691; x_wconf 83' lang='lat' dir='ltr'><strong>ramos,</strong></span> 
     </span>
     <span class='ocr_line' id='line_1_30' title="bbox 210 2694 1733 2777; baseline 0.002 -23"><span class='ocrx_word' id='word_1_199' title='bbox 210 2694 665 2774; x_wconf 90' lang='lat' dir='ltr'><strong>Tondeturque</strong></span> <span class='ocrx_word' id='word_1_200' title='bbox 709 2715 889 2774; x_wconf 87' lang='lat' dir='ltr'><strong>seges</strong></span> <span class='ocrx_word' id='word_1_201' title='bbox 929 2703 1202 2758; x_wconf 88' lang='lat' dir='ltr'><strong>maturos</strong></span> <span class='ocrx_word' id='word_1_202' title='bbox 1246 2718 1445 2757; x_wconf 85' lang='lat' dir='ltr'><strong>annua</strong></span> <span class='ocrx_word' id='word_1_203' title='bbox 1485 2704 1733 2777; x_wconf 84' lang='lat' dir='ltr'><strong>partus,</strong></span> 
     </span>
     <span class='ocr_line' id='line_1_31' title="bbox 205 2778 1700 2858; baseline 0.001 -20"><span class='ocrx_word' id='word_1_204' title='bbox 205 2779 294 2838; x_wconf 86' lang='lat' dir='ltr'><strong>Et</strong></span> <span class='ocrx_word' id='word_1_205' title='bbox 335 2779 509 2837; x_wconf 86' lang='lat' dir='ltr'><strong>ferro</strong></span> <span class='ocrx_word' id='word_1_206' title='bbox 554 2778 781 2855; x_wconf 86' lang='lat' dir='ltr'><strong>tellus,</strong></span> <span class='ocrx_word' id='word_1_207' title='bbox 825 2785 1052 2858; x_wconf 91' lang='lat' dir='ltr'><strong>pontus</strong></span> <span class='ocrx_word' id='word_1_208' title='bbox 1098 2779 1475 2839; x_wconf 89' lang='lat' dir='ltr'><strong>confinditur</strong></span> <span class='ocrx_word' id='word_1_209' title='bbox 1521 2799 1700 2857; x_wconf 85' lang='lat' dir='ltr'><strong>aere,</strong></span> 
     </span>
     <span class='ocr_line' id='line_1_32' title="bbox 207 2861 1770 2941; baseline 0 -20"><span class='ocrx_word' id='word_1_210' title='bbox 207 2862 376 2937; x_wconf 79' lang='lat' dir='ltr'><strong>Quin</strong></span> <span class='ocrx_word' id='word_1_211' title='bbox 419 2862 603 2921; x_wconf 91' lang='lat' dir='ltr'><strong>etiam</strong></span> <span class='ocrx_word' id='word_1_212' title='bbox 648 2863 902 2921; x_wconf 88' lang='lat' dir='ltr'><strong>structis</strong></span> <span class='ocrx_word' id='word_1_213' title='bbox 946 2868 1251 2938; x_wconf 86' lang='lat' dir='ltr'><strong>exurgunt</strong></span> <span class='ocrx_word' id='word_1_214' title='bbox 1292 2861 1518 2941; x_wconf 91' lang='lat' dir='ltr'><strong>oppida</strong></span> <span class='ocrx_word' id='word_1_215' title='bbox 1561 2866 1770 2924; x_wconf 89' lang='lat' dir='ltr'><strong>muris.</strong></span> 
     </span>
     <span class='ocr_line' id='line_1_33' title="bbox 204 2942 2228 3028; baseline 0.003 -24"><span class='ocrx_word' id='word_1_216' title='bbox 204 2945 412 3023; x_wconf 85' lang='lat' dir='ltr'><strong>Ergo,</strong></span> <span class='ocrx_word' id='word_1_217' title='bbox 450 2947 557 3005; x_wconf 90' lang='lat' dir='ltr'><strong>ubi</strong></span> <span class='ocrx_word' id='word_1_218' title='bbox 597 2942 956 3026; x_wconf 83' lang='lat' dir='ltr'><strong>praeclaros</strong></span> <span class='ocrx_word' id='word_1_219' title='bbox 999 2944 1265 3005; x_wconf 86' lang='lat' dir='ltr'><strong>tulerint</strong></span> <span class='ocrx_word' id='word_1_220' title='bbox 1304 2951 1409 3005; x_wconf 86' lang='lat' dir='ltr'><strong>tua</strong></span> <span class='ocrx_word' id='word_1_221' title='bbox 1450 2947 1616 3006; x_wconf 85' lang='lat' dir='ltr'><strong>facta</strong></span> <span class='ocrx_word' id='word_1_222' title='bbox 1655 2949 2038 3028; x_wconf 84' lang='lat' dir='ltr'><strong>triumphos,</strong></span> <span class='ocrx_word' id='word_1_223' title='bbox 2127 2958 2228 3012; x_wconf 84' lang='lat'><strong>175</strong></span> 
     </span>
     <span class='ocr_line' id='line_1_34' title="bbox 207 3027 1806 3108; baseline 0.004 -23"><span class='ocrx_word' id='word_1_224' title='bbox 207 3027 397 3086; x_wconf 89' lang='lat' dir='ltr'><strong>Solus</strong></span> <span class='ocrx_word' id='word_1_225' title='bbox 442 3035 706 3107; x_wconf 90' lang='lat' dir='ltr'><strong>utroque</strong></span> <span class='ocrx_word' id='word_1_226' title='bbox 742 3027 909 3089; x_wconf 91' lang='lat' dir='ltr'><strong>idem</strong></span> <span class='ocrx_word' id='word_1_227' title='bbox 956 3028 1184 3089; x_wconf 87' lang='lat' dir='ltr'><strong>diceris</strong></span> <span class='ocrx_word' id='word_1_228' title='bbox 1227 3049 1480 3108; x_wconf 87' lang='lat' dir='ltr'><strong>magnus</strong></span> <span class='ocrx_word' id='word_1_229' title='bbox 1524 3032 1589 3090; x_wconf 92' lang='lat' dir='ltr'><strong>in</strong></span> <span class='ocrx_word' id='word_1_230' title='bbox 1633 3033 1806 3093; x_wconf 87' lang='lat' dir='ltr'><strong>orbe.</strong></span> 
     </span>
     <span class='ocr_line' id='line_1_35' title="bbox 294 3111 2030 3194; baseline 0.003 -26"><span class='ocrx_word' id='word_1_231' title='bbox 294 3111 435 3169; x_wconf 90' lang='lat' dir='ltr'><strong>Non</strong></span> <span class='ocrx_word' id='word_1_232' title='bbox 478 3129 592 3188; x_wconf 87' lang='lat' dir='ltr'><strong>ego</strong></span> <span class='ocrx_word' id='word_1_233' title='bbox 632 3132 761 3172; x_wconf 88' lang='lat' dir='ltr'><strong>sum</strong></span> <span class='ocrx_word' id='word_1_234' title='bbox 802 3113 951 3172; x_wconf 89' lang='lat' dir='ltr'><strong>satis</strong></span> <span class='ocrx_word' id='word_1_235' title='bbox 997 3112 1074 3171; x_wconf 90' lang='lat' dir='ltr'><strong>ad</strong></span> <span class='ocrx_word' id='word_1_236' title='bbox 1117 3118 1325 3174; x_wconf 85' lang='lat' dir='ltr'><strong>tantae</strong></span> <span class='ocrx_word' id='word_1_237' title='bbox 1366 3116 1698 3194; x_wconf 88' lang='lat' dir='ltr'><strong>praeconia</strong></span> <span class='ocrx_word' id='word_1_238' title='bbox 1740 3112 1974 3192; x_wconf 77' lang='lat' dir='ltr'><strong>laudiS,</strong></span> <span class='ocrx_word' id='word_1_239' title='bbox 2019 3178 2030 3190; x_wconf 62' lang='grc'>,</span> 
     </span>
     <span class='ocr_line' id='line_1_36' title="bbox 204 3195 2026 3296; baseline 0.001 -42"><span class='ocrx_word' id='word_1_240' title='bbox 204 3195 349 3274; x_wconf 87' lang='lat' dir='ltr'><strong>Ipse</strong></span> <span class='ocrx_word' id='word_1_241' title='bbox 400 3195 552 3253; x_wconf 91' lang='lat' dir='ltr'><strong>mihi</strong></span> <span class='ocrx_word' id='word_1_242' title='bbox 595 3214 719 3253; x_wconf 94' lang='lat' dir='ltr'><strong>non</strong></span> <span class='ocrx_word' id='word_1_243' title='bbox 762 3197 816 3255; x_wconf 88' lang='lat' dir='ltr'><strong>si</strong></span> <span class='ocrx_word' id='word_1_244' title='bbox 855 3197 1239 3296; x_wconf 60' lang='lat' dir='ltr'><strong>praescrbiat</strong></span> <span class='ocrx_word' id='word_1_245' title='bbox 1285 3199 1553 3257; x_wconf 87' lang='lat' dir='ltr'><strong>carmina</strong></span> <span class='ocrx_word' id='word_1_246' title='bbox 1596 3198 1902 3256; x_wconf 84' lang='lat' dir='ltr'><strong>Phoebus.</strong></span> <span class='ocrx_word' id='word_1_247' title='bbox 2011 3202 2026 3237; x_wconf 63' lang='grc' dir='ltr'>ι</span> 
     </span>
     <span class='ocr_line' id='line_1_37' title="bbox 202 3275 1919 3357; baseline 0.001 -20"><span class='ocrx_word' id='word_1_248' title='bbox 202 3278 324 3337; x_wconf 86' lang='lat' dir='ltr'><strong>Est</strong></span> <span class='ocrx_word' id='word_1_249' title='bbox 359 3279 507 3356; x_wconf 82' lang='lat' dir='ltr'><strong>tibi,</strong></span> <span class='ocrx_word' id='word_1_250' title='bbox 556 3279 659 3355; x_wconf 89' lang='lat' dir='ltr'><strong>qui</strong></span> <span class='ocrx_word' id='word_1_251' title='bbox 701 3280 900 3357; x_wconf 89' lang='lat' dir='ltr'><strong>possit</strong></span> <span class='ocrx_word' id='word_1_252' title='bbox 941 3275 1174 3355; x_wconf 77' lang='lat' dir='ltr'><strong>magnls</strong></span> <span class='ocrx_word' id='word_1_253' title='bbox 1217 3299 1285 3339; x_wconf 88' lang='lat' dir='ltr'><strong>se</strong></span> <span class='ocrx_word' id='word_1_254' title='bbox 1328 3282 1655 3354; x_wconf 82' lang='lat' dir='ltr'><strong>accingere</strong></span> <span class='ocrx_word' id='word_1_255' title='bbox 1697 3282 1919 3357; x_wconf 85' lang='lat' dir='ltr'><strong>rebus,</strong></span> 
     </span>
     <span class='ocr_line' id='line_1_38' title="bbox 202 3360 2228 3441; baseline 0.003 -20"><span class='ocrx_word' id='word_1_256' title='bbox 202 3360 492 3437; x_wconf 88' lang='lat' dir='ltr'><strong>Valgius:</strong></span> <span class='ocrx_word' id='word_1_257' title='bbox 537 3368 794 3421; x_wconf 86' lang='lat' dir='ltr'><strong>aeterno</strong></span> <span class='ocrx_word' id='word_1_258' title='bbox 837 3362 1096 3441; x_wconf 90' lang='lat' dir='ltr'><strong>propior</strong></span> <span class='ocrx_word' id='word_1_259' title='bbox 1136 3382 1259 3422; x_wconf 94' lang='lat' dir='ltr'><strong>non</strong></span> <span class='ocrx_word' id='word_1_260' title='bbox 1307 3364 1466 3423; x_wconf 87' lang='lat' dir='ltr'><strong>alter</strong></span> <span class='ocrx_word' id='word_1_261' title='bbox 1508 3363 1802 3424; x_wconf 89' lang='lat' dir='ltr'><strong>Homero.</strong></span> <span class='ocrx_word' id='word_1_262' title='bbox 2125 3376 2228 3427; x_wconf 81' lang='lat'><strong>180</strong></span> 
     </span>
     <span class='ocr_line' id='line_1_39' title="bbox 201 3442 1970 3526; baseline 0.003 -23"><span class='ocrx_word' id='word_1_263' title='bbox 201 3442 525 3521; x_wconf 89' lang='lat' dir='ltr'><strong>Languida</strong></span> <span class='ocrx_word' id='word_1_264' title='bbox 561 3465 687 3505; x_wconf 92' lang='lat' dir='ltr'><strong>non</strong></span> <span class='ocrx_word' id='word_1_265' title='bbox 728 3451 944 3505; x_wconf 89' lang='lat' dir='ltr'><strong>noster</strong></span> <span class='ocrx_word' id='word_1_266' title='bbox 986 3446 1232 3525; x_wconf 85' lang='lat' dir='ltr'><strong>peragit</strong></span> <span class='ocrx_word' id='word_1_267' title='bbox 1272 3444 1452 3506; x_wconf 89' lang='lat' dir='ltr'><strong>labor</strong></span> <span class='ocrx_word' id='word_1_268' title='bbox 1497 3448 1657 3525; x_wconf 83' lang='lat' dir='ltr'><strong>otia,</strong></span> <span class='ocrx_word' id='word_1_269' title='bbox 1701 3450 1970 3526; x_wconf 86' lang='lat' dir='ltr'><strong>quamvis</strong></span> 
     </span>
     <span class='ocr_line' id='line_1_40' title="bbox 295 3534 1794 3589; baseline 0.005 -8"><span class='ocrx_word' id='word_1_270' title='bbox 295 3547 566 3586; x_wconf 60' lang='lat' dir='ltr'><strong>manuus.</strong></span> <span class='ocrx_word' id='word_1_271' title='bbox 1757 3534 1794 3589; x_wconf 91' lang='grc'>4</span> 
     </span>
    </p>
   </div>
  </div>
 </body>
</html>
