2578 3898
525 177 814 240 TIBULLI
855 178 1261 268 (LchAm)
1309 181 1447 243 Lm.
1482 182 1583 244 111.
1616 195 1666 247 2.
1701 194 1755 248 3.

1170 382 1356 452 11st

221 467 350 571 Qui
391 500 626 578 primus
666 519 868 561 caram
907 500 1116 560 iuveni
1157 518 1490 580 carumque
1531 500 1779 583 puellae

303 584 553 663 Eripuit
590 585 908 663 iuvenem,
949 584 1196 647 ferreus
1239 583 1353 643 ille
1397 585 1536 644 fuit.

218 669 424 729 Durus
468 673 533 726 et
570 666 685 727 ille
725 668 877 745 fuit,
921 669 1026 746 qui
1067 674 1305 729 tantum
1348 669 1521 729 ferre
1567 665 1885 747 dolorem,

305 751 536 814 Vivere
581 757 648 811 et
689 757 907 832 erepta
949 753 1208 829 coniuge
1255 752 1363 831 qui
1405 753 1626 832 potuit.

218 834 359 897 Non
399 852 514 912 ego
549 835 761 895 firmus
803 836 868 894 in
911 834 1063 912 boc,
1105 854 1231 894 non
1271 837 1427 895 haec
1468 836 1770 914 patientia
1807 843 2022 898 nostro

310 918 593 995 Ingenio=
635 919 869 997 frangit
903 919 1093 979 fortia
1133 917 1321 979 corda
1364 917 1577 979 dolor:

221 1000 355 1062 Nec
397 1002 547 1060 mihi
592 1021 739 1062 vera
778 1001 954 1080 loqui
994 1001 1197 1083 pudor
1241 1008 1342 1062 est
1383 1003 1670 1081 vitaeque
1714 1002 1901 1063 fateri

310 1084 437 1144 Tot
477 1083 635 1144 mala
672 1103 1008 1165 perpensae
1045 1085 1249 1145 taedia
1289 1092 1435 1146 nata
1475 1103 1669 1148 meae.

223 1168 392 1246 Ergo
438 1187 573 1227 cum
617 1174 868 1229 tenuem
907 1171 1087 1230 fuero
1127 1175 1395 1229 mutatus
1438 1171 1504 1229 in
1550 1171 1853 1230 umbram·

316 1250 714 1330 Candidaque
754 1272 894 1314 ossa
937 1271 1125 1332 super
1168 1254 1346 1332 nigra
1387 1251 1598 1313 favilla
1639 1259 1847 1333 teget,

224 1337 392 1396 Ante
434 1353 635 1395 meum
675 1338 882 1396 veniat
922 1336 1141 1415 longos
1182 1339 1496 1417 incompta
1537 1335 1799 1416 capillos

308 1419 394 1479 Et
432 1419 582 1478 fleat
621 1425 767 1479 ante
809 1438 1012 1479 meum
1053 1426 1285 1480 maesta
1328 1421 1571 1480 Neaera
1611 1438 1846 1498 rogum.

229 1500 356 1563 Sed
398 1503 604 1561 veniat
648 1521 826 1563 carae
868 1503 1081 1564 matris
1118 1504 1405 1563 comitata
1445 1501 1698 1563 doloret

312 1585 597 1645 Maereat
635 1587 790 1648 haec
833 1605 1100 1665 genero,
1142 1592 1419 1647 maereat
1458 1585 1568 1646 illa
1609 1586 1759 1646 viro.

226 1667 552 1728 Praefatae
599 1675 742 1730 ante
782 1688 954 1730 meos
994 1670 1214 1730 Manes
1260 1671 1643 1749 animamque
1684 1675 1973 1750 precatae

311 1751 735 1830 Perfusaeque
778 1754 911 1832 pias
955 1759 1098 1813 ante
1137 1752 1387 1830 liquore
1425 1773 1671 1832 manus,

225 1834 380 1895 Pars
421 1854 576 1914 quae
619 1834 750 1896 sola
790 1838 914 1896 mei
949 1837 1265 1916 superabit
1312 1837 1624 1916 corporis,
1673 1855 1811 1897 ossa

312 1919 621 1980 Incinctae
663 1921 840 2000 nigra
884 1920 1144 1982 candida
1185 1926 1360 1981 veste
1401 1920 1647 2000 legent,

160 2036 165 2039 ’
228 2003 313 2063 Et
352 2004 611 2083 primum
650 2023 881 2065 annoso
924 2014 1218 2085 spargent
1259 2003 1527 2065 collecta
1562 2004 1802 2084 Lyaeo,

316 2087 466 2146 Mox
512 2089 696 2148 etiam
736 2090 917 2148 niveo
959 2089 1226 2149 fundere
1266 2087 1432 2148 lacte
1470 2095 1726 2168 parent,

231 2169 384 2228 Post
425 2170 581 2230 haec
626 2172 933 2232 carbaseis
975 2172 1297 2231 humorem
1335 2169 1565 2230 tollere
1595 2170 1760 2231 ‘velis

316 2254 521 2331 Atque
563 2254 629 2312 in
666 2273 1008 2315 marmorea
1050 2272 1287 2335 ponere
1330 2255 1493 2314 sicca
1534 2253 1735 2317 domo.

230 2333 370 2396 lllic
413 2357 561 2414 quas
602 2340 795 2403 mittit
839 2338 1010 2399 dives
1046 2338 1355 2399 Panchaia
1397 2356 1639 2399 merces

314 2420 556 2498 Eoique
599 2423 875 2503 Arabes,
910 2424 1156 2502 pinguis
1198 2428 1264 2483 et
1306 2422 1592 2501 Assyria,

229 2503 317 2593 lut
355 2506 554 2564 nostri
593 2524 901 2567 memores
942 2505 1234 2567 lacrimae
1276 2505 1616 2566 fundantur
1660 2503 1911 2567 eodem:

318 2585 421 2646 Sic
457 2605 572 2667 ego
618 2592 902 2670 componi
942 2610 1155 2652 versus
1195 2591 1263 2650 in
1305 2609 1444 2650 ossa
1481 2588 1687 2650 velim.

232 2668 362 2730 Sed
400 2672 643 2733 tristem
683 2676 901 2734 mortis
945 2672 1333 2735 demonstret
1372 2672 1589 2733 littera
1634 2693 1871 2734 causam

315 2753 522 2833 Atque
566 2757 719 2816 haec
759 2758 826 2818 in
870 2756 1108 2818 celebri
1151 2758 1419 2816 carmina
1462 2756 1672 2815 fronte
1714 2762 1910 2816 notet.

2148 183 2225 244 37

2166 1265 2234 1318 10

2166 1684 2231 1734 15

2167 2101 2244 2152 20

2167 2522 2233 2572 25

235 2835 620 2915 ‘Lygdamus
661 2840 764 2899 hic
805 2841 959 2899 situs
1005 2845 1132 2901 esta
1177 2837 1360 2898 dolor
1401 2838 1546 2898 huic
1592 2845 1657 2899 et
1699 2859 1848 2900 cura
1887 2839 2200 2929 Neaerae,

319 2921 613 3001 Coniugis
655 2930 945 3007 ereptae,
989 2942 1167 2984 causa
1203 2923 1416 3002 perire
1456 2922 1619 2984 fuit?

1158 3138 1285 3204 ΠΙ.

235 3225 407 3329 Quid
446 3253 707 3337 prodest
748 3255 982 3317 caelum
1020 3256 1182 3317 votis
1224 3253 1550 3335 implesse,
1590 3255 1864 3334 Neaera,

319 3340 644 3420 Multaque
688 3361 823 3402 cum
864 3338 1090 3400 blanda
1130 3344 1269 3398 tura
1312 3338 1562 3399 dedisse
1602 3357 1821 3418 prece,

233 3426 374 3487 Non
411 3430 481 3485 ut
511 3426 841 3488 marmorei
880 3422 1199 3509 prodirem
1243 3440 1278 3481 e
1320 3421 1532 3482 limine
1575 3424 1759 3502 teeti,

2164 2933 2235 2987 30
