2578 3898
875 181 1166 244 TIBULLI
1205 181 1343 244 LIB.
1375 181 1447 245 11.
1482 195 1535 247 5.
2113 188 2192 249 33

283 349 504 411 Omine
550 369 669 428 quo
710 347 864 411 feIIx
907 355 974 410 et
1011 369 1187 411 sacer
1231 370 1423 411 annus
1469 353 1607 413 erit.

190 433 433 494 Laurus
472 433 577 492 ubi
620 435 780 494 bona
824 434 994 511 signa
1038 432 1243 511 dedit,
1291 434 1554 512 gaudete
1598 433 1832 497 coloni:

280 514 611 576 Distendet
655 517 840 595 spicis
878 518 1105 577 horrea
1144 516 1333 597 plena
1375 519 1603 596 Ceres,
2038 557 2044 561 -

196 599 443 660 Oblitus
488 604 553 659 et
591 606 790 659 musto
828 600 1020 660 feriet
1060 600 1221 679 pede
1263 601 1532 661 rusticus
1572 621 1748 680 uvas,
2127 610 2194 662 85

281 680 464 742 Dolia
506 681 648 742 dum
689 683 892 760 magni
935 681 1345 762 deficiantque
1386 682 1575 744 lacus.

196 766 291 826 Ac
330 763 607 825 madidus
645 765 886 825 Baccho
930 785 1037 825 sua
1077 767 1239 827 festa
1278 764 1503 827 Palilia
1544 773 1757 845 pastor

284 849 617 909 Gonoinet:
660 868 696 909 a
732 847 986 908 stabulis
1028 856 1176 910 tunc
1209 848 1430 929 procul
1473 856 1608 910 este
1650 847 1800 930 lupi.

197 930 311 993 ssle
351 931 505 991 levis
544 929 803 1012 stipulae
847 930 1139 992 solemnis
1179 938 1364 1010 potus
1405 951 1656 993 acervos

283 1014 636 1092 Accendet,
672 1015 942 1075 flammas
975 1013 1411 1094 transilietque
1457 1034 1681 1089 sacraS,
2128 1025 2198 1080 90

198 1098 286 1158 Et
325 1098 490 1157 fetus
531 1104 808 1158 matrona
850 1097 1051 1176 dabit,
1091 1106 1392 1176 natusque
1432 1100 1677 1177 parenti

290 1179 515 1241 Oscula
557 1183 934 1260 comprensis
977 1182 1223 1242 auribus
1267 1183 1527 1262 eripiet,

200 1262 332 1325 Nec
365 1264 643 1325 taedebit
685 1283 853 1324 avum
893 1284 1079 1344 parvo
1123 1264 1451 1344 advigilare
1492 1265 1710 1344 nepoti

286 1345 596 1427 Balbaque
640 1367 773 1407 cum
815 1367 1007 1428 puero
1047 1346 1259 1409 dicere
1303 1351 1492 1409 verba
1536 1367 1765 1408 senem.

205 1429 383 1490 Tunc
427 1437 679 1509 operata
722 1430 838 1491 deo
882 1433 1077 1510 pubes
1121 1431 1465 1492 discumbet
1505 1432 1570 1490 in
1611 1431 1836 1507 herba,
2133 1440 2197 1493 95

293 1514 552 1574 Arboris
597 1516 882 1593 antiquae
927 1534 1044 1592 qua
1081 1513 1238 1575 levis
1279 1516 1496 1574 umbra
1538 1512 1737 1590 cadit,

202 1597 330 1657 Aut
373 1616 408 1656 e
449 1604 622 1657 veste
667 1617 774 1658 sua
810 1597 1074 1657 tendent
1112 1596 1466 1657 umbracula
1504 1597 1689 1656 sertis

287 1679 545 1758 Vincta,
592 1682 916 1741 coronatus
956 1681 1143 1740 stabit
1184 1686 1251 1740 et
1292 1686 1433 1740 ante
1478 1678 1651 1740 calix.

203 1762 292 1822 At
327 1762 447 1821 sibi
489 1763 748 1841 quisque
795 1760 984 1842 dapes
1027 1770 1093 1822 et
1133 1764 1327 1823 festas
1371 1768 1618 1823 extruet
1656 1758 1782 1821 alte

291 1844 644 1924 Cespitibus
679 1865 919 1906 mensas
962 1847 1422 1926 cespitibusque
1465 1852 1686 1907 torum.
2103 1851 2203 1904 100

203 1928 453 2006 Ingeret
493 1929 598 1989 hic
638 1935 821 2009 potus
861 1930 1098 1991 iuvenis
1135 1929 1466 1991 maledicta
1508 1927 1789 2011 puellae,

290 2011 440 2071 Post
481 2011 662 2072 modo
707 2032 862 2092 quae
899 2016 1057 2074 votis
1098 2015 1277 2075 irrita
1318 2014 1482 2075 facta
1523 2013 1709 2075 velit:

202 2093 355 2154 Nam
396 2094 567 2155 ferus
610 2094 721 2156 ille
763 2115 907 2157 suae
950 2096 1222 2176 plorabit
1265 2098 1508 2158 sobrius
1548 2097 1716 2158 idem

287 2178 371 2235 Et
412 2195 481 2237 se
521 2179 752 2239 iurabit
790 2183 999 2239 mente
1038 2179 1231 2238 fuisse
1275 2178 1452 2238 mala.

202 2259 365 2319 Pace
401 2265 506 2320 tua
547 2267 811 2340 pereant
852 2280 1026 2321 arcus
1061 2267 1446 2341 pereantque
1488 2263 1774 2340 sagittae,
2097 2272 2197 2324 105

286 2342 572 2423 Phoebe,
614 2344 795 2404 modo
833 2345 900 2403 in
941 2345 1131 2405 terris
1173 2351 1348 2405 erret
1387 2346 1639 2405 inermis
1681 2347 1887 2404 Amor.

104 2455 116 2467 ·
201 2426 325 2487 Ars
367 2426 556 2486 bona:
599 2426 711 2487 sed
750 2429 1073 2507 postquam
1115 2429 1374 2507 sumpsit
1415 2429 1534 2491 sibi
1575 2427 1702 2488 tela
1745 2424 2020 2507 Cupido,

285 2508 427 2567 Heu
466 2510 589 2568 heu
630 2530 806 2589 quam
847 2508 1054 2571 multis
1098 2531 1196 2571 ars
1241 2510 1416 2572 dedit
1456 2509 1568 2571 illa
1608 2510 1862 2571 malum!

200 2590 283 2649 Et
321 2591 473 2650 mihi
507 2594 856 2672 praecipue.
897 2594 1070 2654 iaceo
1116 2615 1252 2655 cum
1296 2596 1535 2656 saucius
1578 2614 1796 2655 annum

282 2674 366 2733 Et
396 2674 571 2734 faveo
613 2679 860 2753 morbo,
906 2697 1043 2737 cum
1081 2679 1248 2737 iuvat
1287 2679 1424 2758 ipse
1466 2676 1681 2755 dolor,
2095 2686 2196 2739 110

198 2755 410 2834 Usque
457 2776 607 2816 cano
647 2758 993 2836 Nemesim,
1038 2761 1172 2820 sine
1217 2780 1335 2838 qua
1369 2780 1583 2820 versus
1627 2759 1780 2822 mihi
1821 2756 2028 2820 nullus

214 2904 216 2908 ,
282 2838 492 2900 Verba
533 2846 744 2919 potest
782 2842 976 2900 iustos
1020 2849 1124 2900 aut
1165 2844 1450 2921 reperire
1490 2840 1702 2921 pedes.

197 2921 283 2981 At
322 2926 392 2982 tu
433 2922 604 3001 (nam
646 2922 847 2983 divum
890 2929 1095 2984 servat
1134 2923 1330 2984 tutela
1370 2926 1658 3005 poetas),

281 3003 693 3086 Praemoneo,
735 3007 859 3068 vati
899 3025 1116 3085 parce,
1162 3006 1408 3087 puella,
1446 3028 1656 3088 sacro,

196 3087 286 3148 Ut
322 3086 722 3150 Messalinum
762 3089 1108 3167 celebrem,
1153 3111 1288 3151 cum
1329 3095 1602 3172 praemia
1646 3092 1797 3156 belli
2102 3101 2197 3154 115

280 3169 446 3229 Ante
485 3189 626 3229 suos
660 3192 875 3232 currus
918 3174 1142 3254 oppida
1182 3177 1346 3236 victa
1383 3177 1582 3253 feret,

197 3252 336 3333 Ipse
381 3272 603 3331 gerens
644 3251 885 3314 lauros:
927 3255 1099 3318 lauro
1143 3256 1463 3319 devinctus
1506 3259 1736 3336 agresti

280 3334 468 3395 Miles
505 3337 637 3397 ‘io'
678 3354 893 3416 magna
935 3358 1083 3399 voce
1129 3343 1509 3422 ‘triumphe’
1556 3348 1751 3401 canet.

202 3416 362 3479 Tum
401 3419 672 3483 Messala
711 3440 884 3484 meus
925 3423 1028 3502 pia
1082 3421 1190 3483 det
1231 3423 1579 3503 spectacula
1623 3425 1841 3485 turbae

286 3521 548 3562 nam-ms.
1732 3509 1769 3568 3
