2578 3898
772 208 792 223 ·
827 158 1117 258 rmum
1156 196 1487 261 Llss.1.1o.
1526 199 1596 258 11.
1632 212 1680 262 ι.
2166 203 2247 267 23

336 367 607 426 Uxorem
646 362 923 443 plaustro
964 365 1450 442 progeniemque
1495 365 1758 427 domum.

247 448 381 509 Sed
424 448 688 509 Veneris
723 453 868 506 tunc
911 446 1080 506 bella
1117 445 1357 525 calent,
1398 449 1745 528 scissosque
1789 450 2045 531 capillos

333 532 588 591 Femina
624 529 970 610 perfractas
1014 532 1537 611 conqueriturque
1576 534 1778 594 fores:

156 676 172 693 l
246 615 394 676 Flet
430 621 676 674 teneras
718 615 966 672 subtusa
1011 632 1230 693 genas,
1273 614 1386 674 sed
1428 617 1626 677 victor
1668 624 1734 676 et
1771 620 1908 697 ipse
2184 629 2251 681 55

334 697 481 757 Flet
524 699 641 757 sibi
679 696 998 758 dementes
1042 704 1163 757 tam
1201 698 1462 758 valuisse
1507 719 1737 762 manus.

247 784 334 843 At
370 779 632 841 lascivus
678 780 866 840 Amor
907 782 1077 840 rixae
1118 780 1277 841 mala
1317 785 1506 843 verba
1542 785 1886 862 ministrat,

333 866 504 925 Inter
547 870 612 924 et
652 866 875 924 iratum
912 862 1120 924 lentus
1161 874 1489 945 utrumque
1527 865 1724 928 sedet.

250 947 551 1027 Ah,lapis
595 954 692 1008 est
731 948 1122 1025 ferrumque,
1167 968 1333 1008 suam
1378 950 1722 1029 quicunque
1763 950 2033 1032 puellam

334 1032 677 1093 Verberat:
720 1050 756 1091 e
800 1030 971 1091 caelo
1017 1031 1249 1111 deripit
1285 1030 1398 1092 ille
1434 1031 1605 1093 deos.
2181 1042 2250 1097 60

251 1115 349 1176 Sit
392 1117 539 1175 satis
583 1134 618 1174 e
660 1116 953 1175 membris
994 1122 1245 1176 tenuem
1284 1116 1691 1195 pei-scindere
1735 1122 1999 1193 vestem,

337 1199 434 1258 Sit
472 1200 620 1258 satis
659 1206 909 1259 ornatus
948 1198 1308 1259 dissoluisse
1351 1218 1590 1276 comae,

252 1283 351 1342 Sit
389 1281 670 1342 lacrimas
709 1284 968 1343 movisse
1011 1284 1190 1343 satis:
1237 1290 1458 1361 quater
1500 1283 1612 1343 ille
1657 1285 1872 1344 beatus

338 1366 471 1442 Quo
512 1374 733 1427 tenera
772 1369 930 1426 irato
973 1368 1129 1426 flere
1171 1365 1378 1445 puella
1415 1373 1642 1446 potest.

253 1448 381 1509 Sed
422 1451 707 1510 manibus·
744 1451 848 1527 qui
891 1468 1103 1510 saevus
1143 1451 1297 1525 erit,
1340 1457 1700 1528 scutumque
1744 1451 2081 1530 sudemque
2184 1459 2251 1512 65

334 1534 393 1592 Is
437 1539 613 1610 gerat
654 1538 720 1592 et
764 1534 897 1592 miti
939 1535 1021 1592 sit
1061 1532 1280 1613 procul
1324 1554 1359 1592 a
1401 1533 1670 1594 Venere.

252 1618 338 1676 At
377 1618 588 1693 nobis,
629 1616 755 1676 Pax
795 1615 987 1692 alma,
1031 1618 1170 1676 veni
1215 1618 1567 1696 spicamque
1605 1623 1852 1693 teneto,

338 1701 613 1759 Perfluat
654 1706 720 1759 et
760 1701 957 1779 pomis
1000 1699 1295 1760 candidus
1333 1706 1475 1760 ante
1509 1700 1694 1759 sinus.
1789 1740 1790 1743 ,

511 2299 1058 2421 ALBII
1192 2317 1992 2421 TIBULLI

844 2519 1117 2583 LIBER
1162 2485 1659 2584 SECUNDUS.

1227 2751 1281 2813 Ι.

256 2837 556 2945 Quisquis
600 2866 808 2945 adest,
850 2866 1077 2926 valeat:
1117 2867 1331 2944 fruges
1371 2865 1702 2928 lustramus
1743 2874 1809 2928 et
1850 2885 2061 2946 agros,

335 2953 513 3011 Ritus
551 2958 619 3011 ut
660 2972 693 3010 a
735 2952 940 3031 prisco
985 2949 1248 3010 traditus
1294 2957 1462 3011 extat
1502 2970 1629 3011 avo.

255 3035 527 3111 Bacche,
570 3037 743 3113 veni,
789 3033 1108 3112 dulcisque
1150 3034 1271 3094 tuis
1316 3052 1353 3095 e
1396 3037 1687 3096 cornibus
1733 3055 1845 3095 uva

338 3116 649 3196 Pendeat,
695 3125 759 3178 et
801 3120 987 3198 spicis
1026 3124 1309 3197 tempora
1352 3120 1564 3197 cinge,
1610 3120 1824 3179 Ceres.

254 3200 422 3261 Luce
460 3221 632 3260 sacra
675 3203 1027 3278 requiescat
1070 3203 1323 3279 humus,
1366 3204 1718 3279 requiescat
1758 3204 1995 3274 arator,
2226 3202 2262 3256 5

336 3284 422 3343 Et
463 3303 647 3363 grave
691 3302 986 3361 suspenso
1029 3303 1277 3345 vomere
1320 3291 1525 3345 cesset
1568 3302 1737 3362 opus.

264 3366 498 3427 Solvite
541 3366 744 3428 vincla
784 3367 974 3444 iugis:
1018 3384 1179 3426 nunc
1225 3366 1303 3427 ad
1344 3367 1668 3445 praesepia
1712 3365 1945 3426 debent

339 3448 532 3509 Plena
571 3456 861 3510 coronato
908 3455 1075 3509 stare
1119 3451 1308 3509 boves
1349 3449 1569 3528 capite.
