2578 3898
358 204 442 270 42
739 199 1031 264 TIBULLI
1074 198 1487 282 (LYGDAMI)
1529 199 1669 265 LIB.
1703 200 1803 265 Ill.
1836 213 1889 268 5.
1920 211 1973 269 6.

444 371 635 452 Impia
675 372 741 430 in
785 367 1076 431 adversos
1118 367 1407 430 solvimus
1449 388 1559 430 ora
1599 367 1779 433 deest

355 457 441 519 Et
482 453 752 515 nondum
791 456 927 513 cani
967 454 1179 532 nigros
1216 452 1464 513 laesere
1507 453 1796 535 capillos,

442 539 571 600 Nec
607 540 778 599 venit
817 536 996 596 tardo
1043 557 1225 596 curva
1266 543 1517 597 senecta
1557 536 1740 618 pede.

357 620 641 684 Natalem
682 623 882 701 primo
928 626 1206 680 nostrum
1248 620 1465 681 videre
1501 628 1828 702 parentes,

449 706 604 766 Cum
646 703 874 765 cecidit
916 705 1046 763 fato
1087 702 1302 764 consul
1344 710 1611 785 uterque
1652 708 1809 786 pari.

360 787 528 867 Quid
569 786 862 848 fraudare
900 788 1068 849 iuvat
1107 788 1297 848 vitem
1336 791 1763 850 crescentibus
1801 790 1933 851 uvis

441 872 527 933 Et
570 871 753 931 modo
794 877 938 930 nata
980 869 1140 930 mala
1180 870 1420 942 vellere
1460 892 1641 952 poma
1681 875 1905 933 manu?

359 955 642 1033 Parcite,
685 953 997 1034 pallentes
1040 953 1235 1014 undas
1280 957 1630 1034 quicunque
1671 957 1903 1017 tenetis

446 1039 737 1117 Duraque
776 1039 986 1097 sortiti
1024 1041 1213 1098 tertia
1253 1058 1447 1118 regna
1491 1039 1611 1101 dei.

356 1120 607 1201 Elysios
651 1120 797 1181 olim
841 1119 1032 1182 liceat
1072 1141 1451 1200 cognoscere
1489 1140 1734 1203 campos

443 1205 904 1284 Lethaeamque
943 1211 1143 1265 ratem
1182 1208 1673 1285 Cimmeriosque
1709 1205 1910 1285 lacus,

358 1290 515 1350 Cum
556 1308 692 1349 mea
728 1308 952 1367 rugosa
994 1288 1318 1368 pallebunt
1361 1309 1471 1349 ora
1511 1295 1763 1349 senecta
1874 1312 1878 1316 ’

443 1372 527 1432 Et
568 1373 837 1432 referam
878 1373 1091 1453 pueris
1133 1379 1415 1452 tempora
1457 1373 1663 1453 prisca
1704 1390 1909 1435 senex.

356 1457 565 1535 Atque
608 1458 840 1517 utinam
878 1476 1031 1517 vano
1073 1460 1482 1536 nequicquam
1523 1463 1769 1517 terrear
1806 1458 2009 1518 aestu!

441 1539 768 1619 Languent
807 1546 909 1601 ter
951 1542 1171 1620 quinos
1215 1540 1328 1602 sed
1374 1559 1508 1599 mea
1550 1542 1824 1600 membra
1864 1538 2016 1600 dies.

360 1623 444 1682 At
488 1624 663 1683 vobis
709 1624 952 1684 Tuscae
998 1623 1397 1685 celebrantur
1440 1623 1689 1682 numina
1730 1621 2021 1705 lymphae

441 1706 527 1767 Et
566 1705 769 1768 facilis
809 1705 980 1768 lenta
1018 1706 1279 1788 pellitur
1319 1708 1484 1769 unda
1524 1725 1724 1768 manu.

360 1788 570 1850 Vivite
606 1790 863 1869 felices,
908 1810 1213 1852 memores
1252 1787 1319 1853 et
1352 1794 1537 1853 vivite
1580 1792 1817 1869 nostri,

447 1873 589 1933 Sive
633 1875 861 1934 erimus
906 1892 1017 1933 seu
1057 1893 1171 1935 nos
1212 1877 1341 1936 fata
1380 1877 1573 1935 fuisse
1616 1875 1829 1935 velint.

360 1954 606 2017 Interea
644 1959 849 2036 nigras
891 1955 1166 2035 pecudes
1202 1959 1549 2037 promittite
1596 1957 1723 2017 Diti

442 2040 527 2102 Et
565 2041 731 2101 nivei
770 2038 950 2099 lactis
989 2038 1215 2119 pocula
1247 2041 1434 2100 mixta
1473 2057 1667 2100 mero.

1287 2255 1409 2321 VI.

361 2341 648 2435 Candide
688 2373 910 2450 Liber,
953 2368 1098 2431 ades
1139 2372 1259 2448 (sic
1294 2374 1377 2431 sit
1418 2373 1534 2433 tibi
1576 2376 1833 2454 mystica
1873 2378 2015 2440 vitis

445 2458 738 2535 Semper,
784 2456 873 2515 sic
915 2455 1151 2516 hedera
1191 2461 1476 2535 tempora
1514 2459 1719 2519 vincta
1759 2461 1993 2540 feras),

359 2541 557 2603 Aufer
601 2545 666 2598 et
703 2540 837 2617 ipse
879 2556 1081 2599 meum
1116 2539 1355 2618 pariter
1395 2541 1758 2603 medicando
1804 2545 2114 2607 dolorem:

446 2623 645 2700 Saepe
686 2627 793 2680 tuo
839 2621 1067 2681 cecidit
1109 2642 1366 2684 munere
1407 2626 1605 2686 victus
1648 2647 1840 2696 amor,

363 2707 522 2770 Care
560 2722 748 2784 puer,
792 2705 1079 2765 madeant
1119 2724 1424 2785 generoso
1470 2710 1695 2790 pocula
1734 2712 2010 2794 Baccho,

440 2789 524 2850 Et
564 2789 744 2848 nobis
784 2808 980 2868 prona
1023 2789 1216 2852 funde
1257 2791 1527 2854 Falerna
1571 2814 1767 2855 manu.

357 2875 450 2934 Ite
484 2870 705 2951 procul
749 2871 966 2933 durum
1011 2892 1193 2934 curae
1238 2894 1464 2954 genus,
1507 2879 1596 2939 ite
1636 2877 1913 2941 labores:

441 2953 718 3016 Fulserit
759 2955 863 3016 hic
898 2959 1094 3018 niveis
1129 2958 1346 3020 Delius
1390 2959 1651 3022 alitibus.

358 3040 488 3103 Vos
530 3037 712 3099 modo
754 3043 1071 3121 proposito
1117 3041 1333 3103 dulces
1373 3045 1628 3103 faveatis
1670 3043 1884 3122 amici,

443 3122 612 3182 Neve
656 3129 848 3203 neget
891 3127 1209 3204 quisquam
1250 3146 1351 3186 me
1394 3126 1549 3185 duce
1588 3144 1655 3185 se
1699 3128 2017 3191 comitem=

360 3208 486 3267 Aut
527 3207 580 3266 si
620 3209 754 3286 quis
797 3209 924 3269 vini
972 3215 1284 3270 certamen
1328 3209 1477 3269 mite
1518 3217 1797 3290 recusat,
1920 3280 1924 3286 ¹

442 3286 649 3349 Fallat
691 3309 829 3351 eum
872 3298 1040 3352 tecto
1086 3313 1226 3351 cara
1265 3290 1476 3372 puella
1517 3292 1683 3354 dolo.

360 3371 477 3434 Ille
517 3372 669 3433 facit
709 3373 871 3435 dites
913 3378 1146 3435 animos
1189 3374 1374 3452 deus,
1415 3374 1528 3437 ille
1568 3380 1844 3441 ferocem

448 3455 746 3519 Contudit
787 3463 852 3518 et
896 3457 1179 3519 dominae
1219 3460 1389 3521 misit
1428 3460 1494 3522 in
1532 3463 1885 3543 arbitrium,

2297 467 2366 525 15

2296 885 2370 938 20

2295 1302 2365 1356 25

2294 3143 2363 3197 lo
