2578 3898
374 163 455 225 56
905 166 1194 230 TIBULLI
1239 171 1377 232 LIB.
1411 172 1509 233 lv.
1544 186 1627 238 ιο.
1658 188 1741 239 ιι.
1773 189 1855 240 12.

455 328 740 392 Scortum
781 353 958 412 quam
1001 334 1179 394 Servi
1219 336 1345 397 filia
1388 338 1691 421 Sulpicia:

370 410 638 473 Solliciti
682 422 823 474 sunt
863 435 976 495 pro
1015 419 1224 496 nobis,
1269 421 1489 497 quibus
1532 422 1645 484 illa
1683 423 1881 486 dolori
1925 437 2053 507 est,

452 495 546 556 Ne
589 496 801 558 cedam
844 500 1056 577 ignoto
1100 503 1356 563 maxima
1396 525 1573 566 causa
1614 514 1771 572 toro.

1311 717 1425 782 XI.

364 794 569 888 Estne
612 830 759 906 tibi,
803 829 1138 927 CerInthsp
1183 838 1324 894 tuae
1362 837 1464 915 pia
1505 858 1651 898 cura
1691 839 1939 920 puellae

449 911 629 987 Quod
670 931 806 972 mea
846 932 1009 974 nunc
1049 922 1229 976 vexat
1270 937 1533 998 corpora
1574 922 1737 982 fessa
1782 925 1998 985 calor?

362 994 462 1055 Ah
500 1012 614 1071 ego
655 1014 781 1055 non
822 994 1009 1057 aliter
1041 999 1256 1060 tristes
1301 1003 1588 1063 evincere
1631 1009 1881 1067 morbos

448 1077 758 1157 optarim,
805 1099 983 1157 quam
1027 1087 1094 1140 te
1133 1084 1187 1142 si
1227 1103 1473 1164 quoque
1514 1087 1678 1148 velle
1713 1098 1941 1169 putem.

361 1163 445 1220 At
485 1161 634 1220 mihi
679 1161 828 1240 quid
869 1164 1070 1242 prosit
1109 1168 1361 1227 morbos
1402 1171 1723 1249 evincere,
1772 1195 1954 1250 quum
1996 1182 2061 1234 tn

444 1244 670 1303 Nostra
710 1252 891 1323 potes
930 1245 1106 1304 lento
1148 1254 1408 1327 pectore
1450 1251 1624 1312 ferre
1668 1254 1875 1314 mala?

1276 1462 1434 1527 XII.

359 1542 460 1635 Ne
502 1574 619 1633 tibi
664 1576 810 1654 sim,
848 1594 985 1636 mea
1020 1575 1156 1653 lux,
1201 1596 1398 1654 aeque
1439 1581 1557 1638 iam
1600 1583 1840 1644 fervida
1882 1607 2059 1666 cura,

440 1659 531 1716 Ac
572 1657 787 1717 videor
828 1677 1055 1737 paucos
1096 1663 1239 1717 ante
1278 1661 1472 1720 fuisse
1516 1662 1679 1742 dies,

358 1741 460 1800 sic
506 1741 825 1818 quicquam
865 1746 995 1799 tota
1038 1742 1311 1800 commisi
1354 1742 1544 1805 stulta
1586 1749 1864 1827 iuventa,

441 1824 628 1882 Cuius
664 1840 762 1882 me
807 1823 1006 1882 fatear
1043 1825 1423 1902 paenituisse
1466 1833 1690 1910 magis,

356 1908 671 1966 Hesterna
709 1923 889 1983 quam
929 1911 996 1965 te
1037 1905 1233 1967 solum
1273 1909 1439 1987 quod
1478 1924 1665 1975 nocte
1706 1914 1968 1995 reliqui,

438 1988 744 2049 Ardorem
788 1989 1041 2068 cupiens
1087 1989 1476 2056 dissimulare
1513 2017 1728 2059 meum.

1154 2307 1556 2324 ᾖ
