<?xml version="1.0" encoding="UTF-8"?>
<!DOCTYPE html PUBLIC "-//W3C//DTD XHTML 1.0 Transitional//EN"
    "http://www.w3.org/TR/xhtml1/DTD/xhtml1-transitional.dtd">
<html xmlns="http://www.w3.org/1999/xhtml" xml:lang="en" lang="en">
 <head>
  <title>
</title>
<meta http-equiv="Content-Type" content="text/html;charset=utf-8" />
  <meta name='ocr-system' content='tesseract 3.04.00' />
  <meta name='ocr-capabilities' content='ocr_page ocr_carea ocr_par ocr_line ocrx_word'/>
</head>
<body>
  <div class='ocr_page' id='page_1' title='image "./libriquattuorre00tibugoog_0049.png"; bbox 0 0 2578 3898; ppageno 0'>
   <div class='ocr_carea' id='block_1_1' title="bbox 849 171 2204 242">
    <p class='ocr_par' dir='ltr' id='par_1_1' title="bbox 849 171 2204 242">
     <span class='ocr_line' id='line_1_1' title="bbox 849 171 2204 242; baseline 0.004 -8"><span class='ocrx_word' id='word_1_1' title='bbox 849 171 1138 235; x_wconf 82' lang='lat' dir='ltr'>TIBULLI</span> <span class='ocrx_word' id='word_1_2' title='bbox 1177 172 1317 236; x_wconf 76' lang='grc' dir='ltr'><strong>ΠΒ.</strong></span> <span class='ocrx_word' id='word_1_3' title='bbox 1349 174 1422 236; x_wconf 93' lang='lat'><strong>11.</strong></span> <span class='ocrx_word' id='word_1_4' title='bbox 1458 187 1509 241; x_wconf 91' lang='lat'><strong>6.</strong></span> <span class='ocrx_word' id='word_1_5' title='bbox 2124 180 2204 242; x_wconf 83' lang='lat'><strong>35</strong></span> 
     </span>
    </p>
   </div>
   <div class='ocr_carea' id='block_1_2' title="bbox 194 320 2206 2173">
    <p class='ocr_par' dir='ltr' id='par_1_2' title="bbox 194 320 1814 505">
     <span class='ocr_line' id='line_1_2' title="bbox 194 320 1814 424; baseline 0.003 -23"><span class='ocrx_word' id='word_1_6' title='bbox 194 340 375 401; x_wconf 88' lang='lat' dir='ltr'><strong>lllius</strong></span> <span class='ocrx_word' id='word_1_7' title='bbox 419 339 497 400; x_wconf 79' lang='lat' dir='ltr'><strong>ad</strong></span> <span class='ocrx_word' id='word_1_8' title='bbox 530 338 838 401; x_wconf 85' lang='lat' dir='ltr'><strong>tumulum</strong></span> <span class='ocrx_word' id='word_1_9' title='bbox 880 341 1112 419; x_wconf 79' lang='lat' dir='ltr'><strong>fugiam</strong></span> <span class='ocrx_word' id='word_1_10' title='bbox 1154 320 1539 424; x_wconf 73' lang='lat' dir='ltr'>supplexque</span> <span class='ocrx_word' id='word_1_11' title='bbox 1582 342 1814 406; x_wconf 86' lang='lat' dir='ltr'><strong>sedebo</strong></span> 
     </span>
     <span class='ocr_line' id='line_1_3' title="bbox 283 425 1646 505; baseline 0.003 -21"><span class='ocrx_word' id='word_1_12' title='bbox 283 425 367 484; x_wconf 84' lang='lat' dir='ltr'><strong>Et</strong></span> <span class='ocrx_word' id='word_1_13' title='bbox 406 443 543 484; x_wconf 88' lang='lat' dir='ltr'><strong>mea</strong></span> <span class='ocrx_word' id='word_1_14' title='bbox 581 442 717 485; x_wconf 91' lang='lat' dir='ltr'><strong>cum</strong></span> <span class='ocrx_word' id='word_1_15' title='bbox 759 431 927 484; x_wconf 90' lang='lat' dir='ltr'><strong>muto</strong></span> <span class='ocrx_word' id='word_1_16' title='bbox 968 425 1097 485; x_wconf 84' lang='lat' dir='ltr'><strong>fata</strong></span> <span class='ocrx_word' id='word_1_17' title='bbox 1140 445 1368 505; x_wconf 79' lang='lat' dir='ltr'><strong>querar</strong></span> <span class='ocrx_word' id='word_1_18' title='bbox 1413 427 1646 488; x_wconf 84' lang='lat' dir='ltr'><strong>cinere.</strong></span> 
     </span>
    </p>

    <p class='ocr_par' dir='ltr' id='par_1_3' title="bbox 196 495 2206 671">
     <span class='ocr_line' id='line_1_4' title="bbox 196 495 2206 588; baseline 0.004 -21"><span class='ocrx_word' id='word_1_19' title='bbox 196 507 338 567; x_wconf 87' lang='lat' dir='ltr'><strong>Non</strong></span> <span class='ocrx_word' id='word_1_20' title='bbox 377 507 547 567; x_wconf 85' lang='lat' dir='ltr'><strong>feret</strong></span> <span class='ocrx_word' id='word_1_21' title='bbox 582 526 778 586; x_wconf 87' lang='lat' dir='ltr'><strong>usque</strong></span> <span class='ocrx_word' id='word_1_22' title='bbox 821 526 999 568; x_wconf 88' lang='lat' dir='ltr'><strong>suum</strong></span> <span class='ocrx_word' id='word_1_23' title='bbox 1039 514 1107 568; x_wconf 92' lang='lat' dir='ltr'><strong>te</strong></span> <span class='ocrx_word' id='word_1_24' title='bbox 1148 515 1413 588; x_wconf 83' lang='lat' dir='ltr'><strong>propter</strong></span> <span class='ocrx_word' id='word_1_25' title='bbox 1455 511 1612 572; x_wconf 87' lang='lat' dir='ltr'><strong>flere</strong></span> <span class='ocrx_word' id='word_1_26' title='bbox 1657 495 1981 573; x_wconf 76' lang='lat' dir='ltr'><strong>clienteln.</strong></span> <span class='ocrx_word' id='word_1_27' title='bbox 2138 522 2206 575; x_wconf 81' lang='lat'><strong>35</strong></span> 
     </span>
     <span class='ocr_line' id='line_1_5' title="bbox 286 588 1596 671; baseline 0.003 -22"><span class='ocrx_word' id='word_1_28' title='bbox 286 588 457 650; x_wconf 88' lang='lat' dir='ltr'><strong>Illius</strong></span> <span class='ocrx_word' id='word_1_29' title='bbox 495 597 565 649; x_wconf 88' lang='lat' dir='ltr'><strong>ut</strong></span> <span class='ocrx_word' id='word_1_30' title='bbox 606 592 847 668; x_wconf 83' lang='lat' dir='ltr'><strong>verbis,</strong></span> <span class='ocrx_word' id='word_1_31' title='bbox 890 592 974 651; x_wconf 87' lang='lat' dir='ltr'><strong>sis</strong></span> <span class='ocrx_word' id='word_1_32' title='bbox 1012 592 1164 651; x_wconf 89' lang='lat' dir='ltr'><strong>mihi</strong></span> <span class='ocrx_word' id='word_1_33' title='bbox 1201 591 1376 652; x_wconf 86' lang='lat' dir='ltr'><strong>lenta</strong></span> <span class='ocrx_word' id='word_1_34' title='bbox 1417 601 1596 671; x_wconf 85' lang='lat' dir='ltr'><strong>veto,</strong></span> 
     </span>
    </p>

    <p class='ocr_par' dir='ltr' id='par_1_4' title="bbox 197 672 1816 838">
     <span class='ocr_line' id='line_1_6' title="bbox 197 672 1816 755; baseline 0.003 -22"><span class='ocrx_word' id='word_1_35' title='bbox 197 674 294 734; x_wconf 87' lang='lat' dir='ltr'><strong>Ne</strong></span> <span class='ocrx_word' id='word_1_36' title='bbox 336 675 452 733; x_wconf 85' lang='lat' dir='ltr'><strong>tibi</strong></span> <span class='ocrx_word' id='word_1_37' title='bbox 493 672 765 752; x_wconf 82' lang='lat' dir='ltr'><strong>neglecti</strong></span> <span class='ocrx_word' id='word_1_38' title='bbox 806 675 1054 735; x_wconf 81' lang='lat' dir='ltr'><strong>mittant</strong></span> <span class='ocrx_word' id='word_1_39' title='bbox 1094 674 1254 736; x_wconf 90' lang='lat' dir='ltr'><strong>mala</strong></span> <span class='ocrx_word' id='word_1_40' title='bbox 1292 677 1528 737; x_wconf 86' lang='lat' dir='ltr'><strong>somnia</strong></span> <span class='ocrx_word' id='word_1_41' title='bbox 1562 677 1816 755; x_wconf 84' lang='lat' dir='ltr'><strong>Manes,</strong></span> 
     </span>
     <span class='ocr_line' id='line_1_7' title="bbox 283 756 1783 838; baseline 0.003 -23"><span class='ocrx_word' id='word_1_42' title='bbox 283 756 646 835; x_wconf 78' lang='lat' dir='ltr'><strong>Maestaque</strong></span> <span class='ocrx_word' id='word_1_43' title='bbox 689 759 925 837; x_wconf 83' lang='lat' dir='ltr'><strong>sopitae</strong></span> <span class='ocrx_word' id='word_1_44' title='bbox 968 763 1095 817; x_wconf 85' lang='lat' dir='ltr'><strong>stet</strong></span> <span class='ocrx_word' id='word_1_45' title='bbox 1137 778 1317 818; x_wconf 82' lang='lat' dir='ltr'><strong>soror</strong></span> <span class='ocrx_word' id='word_1_46' title='bbox 1361 765 1505 819; x_wconf 89' lang='lat' dir='ltr'><strong>ante</strong></span> <span class='ocrx_word' id='word_1_47' title='bbox 1548 767 1783 838; x_wconf 89' lang='lat' dir='ltr'><strong>torum,</strong></span> 
     </span>
    </p>

    <p class='ocr_par' dir='ltr' id='par_1_5' title="bbox 197 839 2206 1002">
     <span class='ocr_line' id='line_1_8' title="bbox 197 839 1770 922; baseline 0.003 -23"><span class='ocrx_word' id='word_1_48' title='bbox 197 839 414 917; x_wconf 78' lang='lat' dir='ltr'><strong>Qualis</strong></span> <span class='ocrx_word' id='word_1_49' title='bbox 457 841 531 899; x_wconf 83' lang='lat' dir='ltr'><strong>ab</strong></span> <span class='ocrx_word' id='word_1_50' title='bbox 574 839 820 900; x_wconf 82' lang='lat' dir='ltr'><strong>excelsa</strong></span> <span class='ocrx_word' id='word_1_51' title='bbox 851 859 1152 921; x_wconf 87' lang='lat' dir='ltr'><strong>praeceps</strong></span> <span class='ocrx_word' id='word_1_52' title='bbox 1197 841 1451 922; x_wconf 88' lang='lat' dir='ltr'><strong>delapsa</strong></span> <span class='ocrx_word' id='word_1_53' title='bbox 1491 843 1770 904; x_wconf 74' lang='lat' dir='ltr'><strong>fenestra</strong></span> 
     </span>
     <span class='ocr_line' id='line_1_9' title="bbox 283 922 2206 1002; baseline 0.002 -16"><span class='ocrx_word' id='word_1_54' title='bbox 283 924 475 986; x_wconf 83' lang='lat' dir='ltr'><strong>Venit</strong></span> <span class='ocrx_word' id='word_1_55' title='bbox 517 923 595 983; x_wconf 83' lang='lat' dir='ltr'><strong>ad</strong></span> <span class='ocrx_word' id='word_1_56' title='bbox 634 923 914 984; x_wconf 84' lang='lat' dir='ltr'><strong>infernos</strong></span> <span class='ocrx_word' id='word_1_57' title='bbox 957 922 1426 1002; x_wconf 84' lang='lat' dir='ltr'><strong>sanguinolenta</strong></span> <span class='ocrx_word' id='word_1_58' title='bbox 1464 925 1653 987; x_wconf 87' lang='lat' dir='ltr'><strong>lacus.</strong></span> <span class='ocrx_word' id='word_1_59' title='bbox 2137 940 2206 990; x_wconf 84' lang='lat'><strong>40</strong></span> 
     </span>
    </p>

    <p class='ocr_par' dir='ltr' id='par_1_6' title="bbox 195 1006 1853 1171">
     <span class='ocr_line' id='line_1_10' title="bbox 195 1006 1853 1085; baseline 0.001 -18"><span class='ocrx_word' id='word_1_60' title='bbox 195 1008 461 1085; x_wconf 84' lang='lat' dir='ltr'><strong>Desino,</strong></span> <span class='ocrx_word' id='word_1_61' title='bbox 503 1026 584 1067; x_wconf 88' lang='lat' dir='ltr'><strong>ne</strong></span> <span class='ocrx_word' id='word_1_62' title='bbox 628 1006 908 1081; x_wconf 84' lang='lat' dir='ltr'><strong>dominae</strong></span> <span class='ocrx_word' id='word_1_63' title='bbox 949 1006 1154 1068; x_wconf 88' lang='lat' dir='ltr'><strong>luctus</strong></span> <span class='ocrx_word' id='word_1_64' title='bbox 1196 1015 1574 1070; x_wconf 86' lang='lat' dir='ltr'><strong>renoventur</strong></span> <span class='ocrx_word' id='word_1_65' title='bbox 1614 1011 1853 1076; x_wconf 78' lang='lat' dir='ltr'><strong>acerbi:</strong></span> 
     </span>
     <span class='ocr_line' id='line_1_11' title="bbox 284 1089 1749 1171; baseline 0.003 -21"><span class='ocrx_word' id='word_1_66' title='bbox 284 1090 422 1150; x_wconf 89' lang='lat' dir='ltr'><strong>Non</strong></span> <span class='ocrx_word' id='word_1_67' title='bbox 461 1109 576 1169; x_wconf 86' lang='lat' dir='ltr'><strong>ego</strong></span> <span class='ocrx_word' id='word_1_68' title='bbox 620 1109 754 1150; x_wconf 90' lang='lat' dir='ltr'><strong>sum</strong></span> <span class='ocrx_word' id='word_1_69' title='bbox 796 1091 991 1167; x_wconf 80' lang='lat' dir='ltr'><strong>tanti,</strong></span> <span class='ocrx_word' id='word_1_70' title='bbox 1030 1089 1242 1171; x_wconf 84' lang='lat' dir='ltr'><strong>ploret</strong></span> <span class='ocrx_word' id='word_1_71' title='bbox 1281 1097 1352 1150; x_wconf 87' lang='lat' dir='ltr'><strong>ut</strong></span> <span class='ocrx_word' id='word_1_72' title='bbox 1394 1091 1505 1152; x_wconf 91' lang='lat' dir='ltr'><strong>illa</strong></span> <span class='ocrx_word' id='word_1_73' title='bbox 1540 1092 1749 1155; x_wconf 83' lang='lat' dir='ltr'><strong>semel.</strong></span> 
     </span>
    </p>

    <p class='ocr_par' dir='ltr' id='par_1_7' title="bbox 197 1171 1932 1338">
     <span class='ocr_line' id='line_1_12' title="bbox 197 1171 1932 1256; baseline 0.001 -21"><span class='ocrx_word' id='word_1_74' title='bbox 197 1175 330 1235; x_wconf 87' lang='lat' dir='ltr'><strong>Nec</strong></span> <span class='ocrx_word' id='word_1_75' title='bbox 373 1174 644 1233; x_wconf 82' lang='lat' dir='ltr'><strong>lacrimis</strong></span> <span class='ocrx_word' id='word_1_76' title='bbox 687 1171 900 1234; x_wconf 90' lang='lat' dir='ltr'><strong>oculos</strong></span> <span class='ocrx_word' id='word_1_77' title='bbox 942 1173 1126 1252; x_wconf 81' lang='lat' dir='ltr'><strong>digna</strong></span> <span class='ocrx_word' id='word_1_78' title='bbox 1166 1181 1264 1235; x_wconf 88' lang='lat' dir='ltr'><strong>est</strong></span> <span class='ocrx_word' id='word_1_79' title='bbox 1308 1174 1566 1236; x_wconf 82' lang='lat' dir='ltr'><strong>foedare</strong></span> <span class='ocrx_word' id='word_1_80' title='bbox 1607 1176 1932 1256; x_wconf 78' lang='lat' dir='ltr'><strong>loquaces:</strong></span> 
     </span>
     <span class='ocr_line' id='line_1_13' title="bbox 283 1257 1709 1338; baseline 0.002 -21"><span class='ocrx_word' id='word_1_81' title='bbox 283 1258 454 1317; x_wconf 89' lang='lat' dir='ltr'><strong>Lena</strong></span> <span class='ocrx_word' id='word_1_82' title='bbox 490 1264 675 1319; x_wconf 87' lang='lat' dir='ltr'><strong>nocet</strong></span> <span class='ocrx_word' id='word_1_83' title='bbox 715 1258 926 1336; x_wconf 84' lang='lat' dir='ltr'><strong>nobis,</strong></span> <span class='ocrx_word' id='word_1_84' title='bbox 966 1258 1100 1337; x_wconf 80' lang='lat' dir='ltr'><strong>ipsa</strong></span> <span class='ocrx_word' id='word_1_85' title='bbox 1138 1257 1349 1338; x_wconf 81' lang='lat' dir='ltr'><strong>puella</strong></span> <span class='ocrx_word' id='word_1_86' title='bbox 1393 1261 1551 1319; x_wconf 85' lang='lat' dir='ltr'><strong>bona</strong></span> <span class='ocrx_word' id='word_1_87' title='bbox 1593 1267 1709 1320; x_wconf 88' lang='lat' dir='ltr'><strong>est.</strong></span> 
     </span>
    </p>

    <p class='ocr_par' dir='ltr' id='par_1_8' title="bbox 197 1341 2200 1503">
     <span class='ocr_line' id='line_1_14' title="bbox 197 1341 2200 1422; baseline 0.002 -21"><span class='ocrx_word' id='word_1_88' title='bbox 197 1342 368 1401; x_wconf 90' lang='lat' dir='ltr'><strong>Lena</strong></span> <span class='ocrx_word' id='word_1_89' title='bbox 410 1346 577 1400; x_wconf 83' lang='lat' dir='ltr'><strong>vetat</strong></span> <span class='ocrx_word' id='word_1_90' title='bbox 616 1343 907 1401; x_wconf 88' lang='lat' dir='ltr'><strong>miserum</strong></span> <span class='ocrx_word' id='word_1_91' title='bbox 950 1341 1202 1420; x_wconf 77' lang='lat' dir='ltr'><strong>Phryne</strong></span> <span class='ocrx_word' id='word_1_92' title='bbox 1242 1343 1582 1422; x_wconf 85' lang='lat' dir='ltr'><strong>furtimque</strong></span> <span class='ocrx_word' id='word_1_93' title='bbox 1624 1341 1891 1404; x_wconf 83' lang='lat' dir='ltr'><strong>tabellas</strong></span> <span class='ocrx_word' id='word_1_94' title='bbox 2079 1377 2104 1398; x_wconf 79' lang='grc'><strong>.</strong></span> <span class='ocrx_word' id='word_1_95' title='bbox 2133 1356 2200 1406; x_wconf 71' lang='lat'><strong>45</strong></span> 
     </span>
     <span class='ocr_line' id='line_1_15' title="bbox 285 1423 1593 1503; baseline 0.001 -20"><span class='ocrx_word' id='word_1_96' title='bbox 285 1423 544 1484; x_wconf 88' lang='lat' dir='ltr'><strong>Occulto</strong></span> <span class='ocrx_word' id='word_1_97' title='bbox 588 1431 843 1503; x_wconf 87' lang='lat' dir='ltr'><strong>portans</strong></span> <span class='ocrx_word' id='word_1_98' title='bbox 880 1425 1055 1501; x_wconf 86' lang='lat' dir='ltr'><strong>itque</strong></span> <span class='ocrx_word' id='word_1_99' title='bbox 1095 1424 1388 1502; x_wconf 84' lang='lat' dir='ltr'><strong>reditque</strong></span> <span class='ocrx_word' id='word_1_100' title='bbox 1425 1428 1593 1485; x_wconf 85' lang='lat' dir='ltr'><strong>sinu:</strong></span> 
     </span>
    </p>

    <p class='ocr_par' dir='ltr' id='par_1_9' title="bbox 200 1506 1884 1669">
     <span class='ocr_line' id='line_1_16' title="bbox 200 1506 1884 1587; baseline 0.001 -19"><span class='ocrx_word' id='word_1_101' title='bbox 200 1509 436 1587; x_wconf 84' lang='lat' dir='ltr'><strong>Saepe,</strong></span> <span class='ocrx_word' id='word_1_102' title='bbox 479 1525 595 1586; x_wconf 86' lang='lat' dir='ltr'><strong>ego</strong></span> <span class='ocrx_word' id='word_1_103' title='bbox 632 1526 768 1568; x_wconf 90' lang='lat' dir='ltr'><strong>cum</strong></span> <span class='ocrx_word' id='word_1_104' title='bbox 812 1506 1095 1567; x_wconf 81' lang='lat' dir='ltr'><strong>dominae</strong></span> <span class='ocrx_word' id='word_1_105' title='bbox 1137 1507 1352 1568; x_wconf 82' lang='lat' dir='ltr'><strong>dulces</strong></span> <span class='ocrx_word' id='word_1_106' title='bbox 1396 1528 1429 1568; x_wconf 83' lang='lat' dir='ltr'><strong>a</strong></span> <span class='ocrx_word' id='word_1_107' title='bbox 1471 1508 1686 1569; x_wconf 89' lang='lat' dir='ltr'><strong>limine</strong></span> <span class='ocrx_word' id='word_1_108' title='bbox 1728 1509 1884 1569; x_wconf 85' lang='lat' dir='ltr'><strong>duro</strong></span> 
     </span>
     <span class='ocr_line' id='line_1_17' title="bbox 272 1592 1647 1669; baseline 0 -18"><span class='ocrx_word' id='word_1_109' title='bbox 272 1594 563 1669; x_wconf 77' lang='lat' dir='ltr'><strong>¹Agnosco</strong></span> <span class='ocrx_word' id='word_1_110' title='bbox 605 1610 817 1669; x_wconf 87' lang='lat' dir='ltr'><strong>voces,</strong></span> <span class='ocrx_word' id='word_1_111' title='bbox 857 1592 1013 1651; x_wconf 89' lang='lat' dir='ltr'><strong>haec</strong></span> <span class='ocrx_word' id='word_1_112' title='bbox 1047 1598 1232 1669; x_wconf 83' lang='lat' dir='ltr'><strong>negat</strong></span> <span class='ocrx_word' id='word_1_113' title='bbox 1274 1611 1411 1652; x_wconf 89' lang='lat' dir='ltr'><strong>esse</strong></span> <span class='ocrx_word' id='word_1_114' title='bbox 1451 1592 1647 1652; x_wconf 83' lang='lat' dir='ltr'><strong>domi:</strong></span> 
     </span>
    </p>

    <p class='ocr_par' dir='ltr' id='par_1_10' title="bbox 200 1674 2201 1835">
     <span class='ocr_line' id='line_1_18' title="bbox 200 1674 2086 1755; baseline 0 -20"><span class='ocrx_word' id='word_1_115' title='bbox 200 1674 432 1754; x_wconf 88' lang='lat' dir='ltr'><strong>Saepe,</strong></span> <span class='ocrx_word' id='word_1_116' title='bbox 469 1675 575 1734; x_wconf 89' lang='lat' dir='ltr'><strong>uhi</strong></span> <span class='ocrx_word' id='word_1_117' title='bbox 616 1693 738 1734; x_wconf 84' lang='lat' dir='ltr'><strong>nox</strong></span> <span class='ocrx_word' id='word_1_118' title='bbox 776 1676 1078 1753; x_wconf 87' lang='lat' dir='ltr'><strong>promissa</strong></span> <span class='ocrx_word' id='word_1_119' title='bbox 1117 1676 1265 1734; x_wconf 89' lang='lat' dir='ltr'><strong>mihi</strong></span> <span class='ocrx_word' id='word_1_120' title='bbox 1311 1683 1439 1753; x_wconf 82' lang='lat' dir='ltr'><strong>est,</strong></span> <span class='ocrx_word' id='word_1_121' title='bbox 1481 1676 1778 1754; x_wconf 86' lang='lat' dir='ltr'><strong>languere</strong></span> <span class='ocrx_word' id='word_1_122' title='bbox 1819 1674 2086 1755; x_wconf 88' lang='lat' dir='ltr'><strong>puellam</strong></span> 
     </span>
     <span class='ocr_line' id='line_1_19' title="bbox 282 1756 2201 1835; baseline 0.001 -17"><span class='ocrx_word' id='word_1_123' title='bbox 282 1758 537 1818; x_wconf 87' lang='lat' dir='ltr'><strong>Nuntiat</strong></span> <span class='ocrx_word' id='word_1_124' title='bbox 574 1763 678 1818; x_wconf 80' lang='lat' dir='ltr'><strong>aut</strong></span> <span class='ocrx_word' id='word_1_125' title='bbox 718 1756 952 1835; x_wconf 80' lang='lat' dir='ltr'><strong>aliquas</strong></span> <span class='ocrx_word' id='word_1_126' title='bbox 994 1759 1347 1818; x_wconf 83' lang='lat' dir='ltr'><strong>extimuisse</strong></span> <span class='ocrx_word' id='word_1_127' title='bbox 1388 1760 1599 1820; x_wconf 89' lang='lat' dir='ltr'><strong>minas.</strong></span> <span class='ocrx_word' id='word_1_128' title='bbox 2132 1771 2201 1820; x_wconf 81' lang='lat'><strong>50</strong></span> 
     </span>
    </p>

    <p class='ocr_par' dir='ltr' id='par_1_11' title="bbox 201 1841 2030 2004">
     <span class='ocr_line' id='line_1_20' title="bbox 201 1841 2030 1922; baseline -0.001 -20"><span class='ocrx_word' id='word_1_129' title='bbox 201 1841 380 1902; x_wconf 88' lang='lat' dir='ltr'><strong>Tunc</strong></span> <span class='ocrx_word' id='word_1_130' title='bbox 421 1842 654 1901; x_wconf 84' lang='lat' dir='ltr'><strong>morior</strong></span> <span class='ocrx_word' id='word_1_131' title='bbox 694 1842 892 1920; x_wconf 79' lang='lat' dir='ltr'><strong>curis,</strong></span> <span class='ocrx_word' id='word_1_132' title='bbox 935 1847 1083 1901; x_wconf 85' lang='lat' dir='ltr'><strong>tnnc</strong></span> <span class='ocrx_word' id='word_1_133' title='bbox 1124 1860 1300 1901; x_wconf 89' lang='lat' dir='ltr'><strong>mens</strong></span> <span class='ocrx_word' id='word_1_134' title='bbox 1341 1843 1492 1901; x_wconf 85' lang='lat' dir='ltr'><strong>mihi</strong></span> <span class='ocrx_word' id='word_1_135' title='bbox 1532 1841 1779 1922; x_wconf 85' lang='lat' dir='ltr'><strong>perdita</strong></span> <span class='ocrx_word' id='word_1_136' title='bbox 1820 1844 2030 1921; x_wconf 80' lang='lat' dir='ltr'><strong>fingit,</strong></span> 
     </span>
     <span class='ocr_line' id='line_1_21' title="bbox 285 1925 1826 2004; baseline 0.001 -19"><span class='ocrx_word' id='word_1_137' title='bbox 285 1925 511 2002; x_wconf 76' lang='lat' dir='ltr'><strong>Quisve</strong></span> <span class='ocrx_word' id='word_1_138' title='bbox 548 1940 743 1985; x_wconf 89' lang='lat' dir='ltr'><strong>meam</strong></span> <span class='ocrx_word' id='word_1_139' title='bbox 785 1931 1029 2004; x_wconf 84' lang='lat' dir='ltr'><strong>teneat,</strong></span> <span class='ocrx_word' id='word_1_140' title='bbox 1075 1933 1225 2004; x_wconf 90' lang='lat' dir='ltr'><strong>quot</strong></span> <span class='ocrx_word' id='word_1_141' title='bbox 1266 1931 1552 1988; x_wconf 86' lang='lat' dir='ltr'><strong>teneatve</strong></span> <span class='ocrx_word' id='word_1_142' title='bbox 1594 1926 1826 1987; x_wconf 84' lang='lat' dir='ltr'><strong>modis:</strong></span> 
     </span>
    </p>

    <p class='ocr_par' dir='ltr' id='par_1_12' title="bbox 203 2008 1947 2173">
     <span class='ocr_line' id='line_1_22' title="bbox 203 2008 1947 2091; baseline 0.001 -22"><span class='ocrx_word' id='word_1_143' title='bbox 203 2009 382 2069; x_wconf 89' lang='lat' dir='ltr'><strong>Tunc</strong></span> <span class='ocrx_word' id='word_1_144' title='bbox 424 2009 573 2087; x_wconf 86' lang='lat' dir='ltr'><strong>tibi,</strong></span> <span class='ocrx_word' id='word_1_145' title='bbox 613 2008 789 2087; x_wconf 86' lang='lat' dir='ltr'><strong>lena,</strong></span> <span class='ocrx_word' id='word_1_146' title='bbox 829 2028 1057 2091; x_wconf 86' lang='lat' dir='ltr'><strong>precor</strong></span> <span class='ocrx_word' id='word_1_147' title='bbox 1105 2010 1305 2071; x_wconf 82' lang='lat' dir='ltr'><strong>diras:</strong></span> <span class='ocrx_word' id='word_1_148' title='bbox 1351 2012 1500 2071; x_wconf 88' lang='lat' dir='ltr'><strong>satis</strong></span> <span class='ocrx_word' id='word_1_149' title='bbox 1544 2013 1718 2071; x_wconf 81' lang='lat' dir='ltr'><strong>anxia</strong></span> <span class='ocrx_word' id='word_1_150' title='bbox 1751 2013 1947 2089; x_wconf 79' lang='lat' dir='ltr'><strong>vivas,</strong></span> 
     </span>
     <span class='ocr_line' id='line_1_23' title="bbox 284 2092 1701 2173; baseline 0.001 -19"><span class='ocrx_word' id='word_1_151' title='bbox 284 2092 556 2154; x_wconf 86' lang='lat' dir='ltr'><strong>Moverit</strong></span> <span class='ocrx_word' id='word_1_152' title='bbox 593 2110 629 2153; x_wconf 91' lang='lat' dir='ltr'><strong>e</strong></span> <span class='ocrx_word' id='word_1_153' title='bbox 672 2094 831 2154; x_wconf 81' lang='lat' dir='ltr'><strong>votis</strong></span> <span class='ocrx_word' id='word_1_154' title='bbox 871 2112 1015 2173; x_wconf 86' lang='lat' dir='ltr'><strong>pars</strong></span> <span class='ocrx_word' id='word_1_155' title='bbox 1059 2100 1488 2172; x_wconf 88' lang='lat' dir='ltr'><strong>quotacunque</strong></span> <span class='ocrx_word' id='word_1_156' title='bbox 1533 2093 1701 2155; x_wconf 84' lang='lat' dir='ltr'><strong>deos.</strong></span> 
     </span>
    </p>
   </div>
   <div class='ocr_carea' id='block_1_3' title="bbox 1702 3513 1788 3572">
    <p class='ocr_par' dir='ltr' id='par_1_13' title="bbox 1702 3513 1788 3572">
     <span class='ocr_line' id='line_1_24' title="bbox 1702 3513 1788 3572; baseline 0 -25"><span class='ocrx_word' id='word_1_157' title='bbox 1702 3513 1788 3572; x_wconf 69' lang='lat'><strong>3*</strong></span> 
     </span>
    </p>
   </div>
  </div>
 </body>
</html>
