2578 3898
809 214 1099 277 TIBULLI
1135 214 1269 276 LIB.
1305 214 1386 275 IV
1389 259 1402 274 .
1439 225 1524 279 13.
1573 223 1659 277 14.

1131 460 1329 526 XIII.

233 551 419 645 Nulla
458 588 630 643 tuum
674 583 855 641 nobis
898 579 1202 641 subducet
1245 580 1476 639 femina
1519 578 1781 639 lectum:

226 695 228 697 >
314 668 450 727 Hoc
492 667 757 746 primum
796 666 1008 724 iuncta
1056 670 1154 723 est
1196 664 1459 723 foedere
1504 670 1718 723 nostra
1763 663 1990 723 Venus

235 751 332 811 'l'u
374 748 557 809 modo
604 747 736 809 sola
776 747 1022 828 places,
1064 766 1182 806 nec
1225 749 1343 806 iam
1386 754 1453 806 te
1492 754 1745 826 praeter
1782 747 1848 805 in
1891 749 2047 806 urbe

312 834 610 893 Formosa
653 839 751 891 est
793 829 989 891 oculis
1032 829 1160 891 ulla
1199 829 1409 911 puella
1451 833 1623 892 meiS.

231 920 439 995 Atque
480 917 713 975 utinam
753 933 969 994 possen
1013 916 1119 974 uni
1160 915 1313 974 mihi
1357 912 1523 974 bella
1566 914 1792 974 videri!

315 998 657 1080 Displiceas
701 998 869 1059 aliis:
904 1001 994 1059 sic
1033 1017 1148 1077 ego
1192 1004 1363 1058 tutus
1399 1016 1528 1057 ero.

230 1084 335 1145 Nil
376 1103 529 1163 opus
570 1083 799 1143 invidia
841 1090 970 1159 est,
1014 1081 1236 1163 procul
1282 1082 1443 1141 absit
1486 1079 1685 1159 gloria
1724 1081 1920 1160 vulgi:

315 1169 435 1244 Qui
475 1168 672 1248 sapit,
715 1168 780 1226 in
822 1167 1010 1227 tacito
1055 1165 1319 1244 gaudeat
1357 1163 1472 1225 ille
1510 1166 1665 1225 sinu.

235 1251 338 1312 Sic
380 1269 496 1330 ego
537 1250 799 1311 secretis
842 1269 1091 1329 possum
1135 1251 1297 1309 bene
1338 1250 1549 1309 vivere
1590 1248 1790 1327 silvis,

314 1336 448 1413 Qua
487 1334 956 1406 nulla-humano
1000 1334 1082 1393 sit
1125 1335 1221 1393 via
1259 1334 1411 1393 trita
1451 1332 1636 1413 pede.

233 1419 332 1480 Tu
370 1419 520 1479 mihi
563 1438 845 1478 curarum
890 1419 1177 1494 requies,
1220 1423 1289 1475 tu
1327 1423 1513 1476 nocte
1554 1415 1656 1476 vel
1700 1424 1832 1477 atra

312 1503 586 1580 Lumen,
632 1509 697 1561 et
739 1503 803 1561 in
846 1499 997 1560 solis
1036 1506 1105 1559 tu
1148 1501 1300 1560 mihi
1339 1501 1528 1569 ¹turba
1569 1499 1743 1562 locis,

230 1587 405 1647 Nunc
439 1585 595 1646 licet
638 1605 674 1645 e
717 1583 891 1644 caelo
934 1584 1215 1643 mittatur
1258 1586 1452 1643 amica
1494 1583 1780 1662 Tibullo,

313 1672 608 1730 Mittetur
649 1671 916 1745 frustra,
962 1665 1338 1748 deficietque
1383 1667 1615 1730 Venus.

228 1756 402 1816 Haec
440 1755 558 1814 tibi
598 1759 810 1813 sancta
847 1759 990 1812 tuae
1031 1751 1277 1811 Iunonis
1322 1755 1569 1811 numina
1604 1752 1779 1829 iuro,

315 1840 486 1914 Quae
530 1836 661 1898 sola
699 1842 842 1896 ante
885 1835 1039 1895 alios
1081 1842 1179 1896 est
1221 1836 1335 1896 tibi
1379 1854 1595 1914 magna
1640 1835 1809 1896 deos.

231 1921 394 2000 Quid
435 1922 596 1983 facio
643 1919 942 1982 demens?
979 1921 1102 1980 heu
1139 1921 1265 1981 heu
1306 1938 1444 1981 mea
1482 1921 1742 2000 pignora
1780 1919 1956 1981 cedo.

318 2007 522 2066 Iuravi.
557 2004 781 2066 stulte:
824 2004 1125 2085 proderat
1166 2007 1287 2065 iste
1328 2006 1535 2065 timor.

230 2090 405 2151 Nunc
449 2097 518 2149 tu
562 2090 746 2149 fortis
787 2090 947 2166 eris,
989 2108 1153 2148 nunc
1196 2096 1265 2148 tu
1308 2108 1406 2148 me
1451 2087 1737 2150 audacius
1779 2107 1954 2149 ures:

316 2175 453 2234 Hoc
491 2174 742 2254 peperit
776 2174 1004 2231 misero
1049 2170 1298 2250 garrula
1337 2171 1549 2249 lingua
1591 2170 1833 2232 malum.

230 2259 355 2318 Iam
398 2258 617 2317 faciam
666 2254 1074 2333 quodcunque
1117 2254 1322 2333 voleS‚
1365 2261 1506 2315 tuus
1546 2274 1746 2334 usque
1790 2255 2079 2334 manebo,

314 2342 446 2402 Nec
487 2342 716 2420 fugiam
759 2346 944 2399 notae
989 2339 1307 2399 servitium
1353 2337 1672 2417 dominae,

233 2423 363 2485 Sed
403 2425 673 2487 Veneris
713 2429 960 2484 sanctae
1000 2422 1315 2483 considam
1357 2425 1597 2482 vinctus
1641 2423 1717 2482 ad
1762 2443 1916 2485 aras.

317 2509 488 2569 Haec
526 2515 702 2569 notat
744 2510 1004 2568 iniustos
1047 2506 1555 2588 supplicibusque
1597 2507 1780 2568 favet.

1146 2720 1334 2784 XIV.

232 2812 482 2903 Rumor
526 2842 612 2900 ait
656 2841 879 2900 crebro
922 2843 1198 2898 nostram
1239 2855 1503 2917 peccare
1544 2837 1846 2918 puellam:

316 2925 491 2985 Nunc
538 2943 651 3003 ego
697 2942 796 2983 me
842 2921 1046 2982 surdis
1090 2922 1339 2981 auribus
1380 2939 1518 2983 esse
1560 2921 1765 2985 velim.

233 3010 509 3073 Crimina
550 3027 675 3067 non
718 3010 872 3068 haec
917 3011 1060 3067 sunt
1101 3010 1318 3065 nostro
1364 3007 1500 3066 sine
1549 3007 1712 3066 facta
1757 3005 2008 3068 dolore:

318 3091 482 3171 Quid
523 3093 814 3153 miserum
858 3097 1150 3169 torqueS,
1191 3107 1405 3150 rumor
1446 3091 1717 3152 acerbe?
1759 3097 1915 3151 tace.

2163 218 2243 277 57

2187 1341 2250 1392 10

2186 1764 2250 1815 15

2181 2182 2251 2234 20
