2578 3898
868 211 1158 275 TIBULLI
1202 213 1336 275 ΜΒ.
1371 213 1468 274 IV.
1502 225 1554 276 2.
1589 225 1640 278 3.
1695 218 1704 223 ’
2162 221 2232 282 ’51

1206 478 1297 542 ΙΙ.

251 559 537 673 Sulpicia
580 597 677 652 est
720 593 836 652 tibi
880 589 1045 653 culta
1084 594 1243 669 tuis,
1287 593 1458 654 Mars
1501 612 1753 674 magne,
1797 592 2109 655 kalendis:

329 677 684 756 Spectatum
730 694 765 734 e
810 673 1018 754 caelo,
1061 677 1114 736 si
1159 679 1357 757 sapi'S,
1395 679 1536 756 ipse
1577 679 1736 737 veni.

248 763 387 823 Hoc
430 760 643 822 Venus
684 760 993 836 ignoscet:
1039 765 1101 818 at
1145 765 1243 838 tu,
1285 758 1589 837 violente,
1630 767 1841 821 caveto

327 844 419 904 Ne
465 843 578 902 tibi
622 843 869 901 miranti
911 843 1180 922 turpiter
1223 863 1388 904 arma
1431 843 1667 902 cadant.

249 926 419 988 lllius
463 944 539 985 ex
580 923 809 1001 oculis,
854 944 989 985 cum
1031 924 1162 985 vult
1205 945 1466 986 exurere
1510 926 1718 1005 divos,
2218 938 2249 986 5

330 1008 635 1070 Accendit
677 1009 947 1087 geminas
989 1007 1301 1089 lampadas
1348 1028 1491 1069 acer
1535 1012 1743 1069 Amor.

245 1091 448 1168 Illam,
489 1091 782 1170 quicquid
819 1093 976 1170 agit,
1023 1112 1266 1171 quoquo
1309 1095 1566 1172 vestigia
1608 1095 1825 1171 movit,

329 1177 657 1255 componit
698 1176 912 1235 furtim
956 1177 1471 1254 subsequiturque
1518 1177 1733 1236 Decor.

247 1259 369 1322 Seu
412 1258 594 1319 solvit
631 1261 869 1337 crines,
907 1259 1059 1319 fusis
1095 1258 1278 1319 decet
1324 1273 1463 1319 esse
1506 1259 1778 1340 capillis:

332 1343 456 1403 Seu
497 1344 790 1422 compsit,
837 1344 1096 1422 comptis
1140 1349 1237 1402 est
1280 1343 1632 1403 veneranda
1675 1344 1882 1404 comis.
2186 1352 2253 1403 10

245 1427 423 1504 Urit,
467 1444 576 1486 seu
621 1426 813 1504 Tyria
853 1424 1048 1484 voluit
1089 1423 1437 1505 procedere
1481 1425 1677 1504 palla:

326 1510 505 1588 Urit,
545 1528 656 1569 seu
690 1511 868 1569 nivea
909 1507 1170 1568 candida
1209 1513 1384 1568 veste
1425 1510 1612 1569 venit.

248 1591 422 1655 Talis
465 1594 530 1652 in
574 1599 827 1652 aeterno
869 1592 1020 1653 felix
1060 1592 1440 1654 Vertumnus
1484 1590 1749 1672 Olympo

328 1673 515 1738 Mille
557 1677 745 1735 habet
787 1681 1069 1753 ornatus,
1111 1674 1280 1735 mille
1321 1673 1620 1735 decenter
1658 1676 1865 1735 habet.

246 1759 394 1822 Sola
433 1756 780 1838 puellarum
822 1758 1005 1837 digna
1046 1763 1175 1836 est,
1217 1759 1315 1818 cui
1358 1758 1566 1818 mollia
1610 1761 1767 1819 caris
2189 1771 2251 1820 15

326 1840 587 1905 Vellera
628 1841 736 1902 det
777 1844 975 1902 succis
1018 1843 1112 1901 bis
1149 1841 1493 1901 madefacta
1539 1842 1776 1922 Tyros,

243 1926 721 2006 Possideatque,
764 1926 943 1986 metit
977 1925 1270 2005 quicquid
1313 1926 1471 1987 bene
1515 1924 1829 1994 olentibus
1872 1926 2030 1986 arvis

328 2010 547 2071 Cultor
581 2010 873 2070 odoratae
917 2010 1087 2069 dives
1126 2012 1325 2069 Arabs
1364 2013 1593 2088 segetis

245 2096 339 2156 Et
373 2111 763 2172 quascunque
805 2095 985 2171 niger
1027 2094 1215 2152 rubro
1264 2092 1344 2152 de
1387 2092 1577 2153 litore
1622 2113 1886 2173 gemmas

327 2178 647 2237 Proximus
688 2177 836 2236 Eois
879 2174 1119 2252 colligit
1160 2174 1343 2234 Indus
1388 2178 1579 2253 aquis.
2184 2187 2254 2235 20

244 2260 419 2321 Hanc
463 2279 601 2337 vos,
642 2257 959 2336 Pierides,
998 2259 1178 2317 festis
1227 2264 1470 2318 cantate
1516 2259 1839 2339 kalendis,

327 2345 410 2404 Et
451 2342 801 2404 testudinea
837 2343 1091 2402 Phoebe
1131 2343 1399 2421 superbe
1441 2340 1598 2421 lyra.

243 2428 380 2488 Hoc
420 2426 693 2487 solemne
733 2445 1003 2502 sacrum:
1046 2424 1269 2485 multos
1314 2426 1433 2484 hoc
1477 2433 1676 2486 sumet
1712 2428 1778 2485 in
1812 2447 2027 2487 annos:

328 2510 584 2589 Dignior
623 2516 721 2571 est
756 2516 963 2571 vestro
1005 2506 1177 2568 nulla
1206 2508 1420 2590 ,puella
1466 2512 1673 2571 choro.

1181 2761 1310 2825 ΙΙΙ.

241 2843 301 2935 Ρ
305 2894 448 2936 arce
490 2895 626 2937 meo
670 2876 912 2954 iuveni,
958 2894 1068 2936 seu
1108 2878 1245 2955 quis
1288 2878 1450 2935 bona
1490 2893 1715 2955 pascua
1757 2872 1955 2951 campi

326 2960 452 3019 Seu
493 2959 647 3021 colis
690 2961 962 3021 umbrosi
1008 2958 1184 3021 devia
1227 2960 1452 3019 montis
1500 2977 1682 3039 aper,

241 3043 372 3103 Nec
413 3045 528 3102 tibi
570 3046 652 3103 sit
693 3042 881 3105 duros
926 3046 1162 3104 acuisse
1205 3046 1268 3104 in
1307 3042 1543 3123 praelia
1592 3042 1843 3115 dentes,

323 3125 693 3189 Incolumem
736 3134 942 3188 custos
981 3129 1144 3187 hunc
1185 3128 1337 3187 mihi
1375 3133 1583 3187 servet
1626 3127 1835 3186 Amor.

241 3207 370 3269 Sed
411 3208 630 3289 procul
666 3210 915 3271 abducit
955 3211 1216 3274 venandi
1259 3210 1441 3270 Delia
1485 3228 1661 3269 cura:
1739 3267 1746 3273 .
2215 3211 2247 3261 5

324 3293 377 3352 Ο
419 3299 681 3373 pereant
716 3293 939 3366 silvae,
984 3293 1397 3371 deficiantque
1441 3292 1654 3353 canes!

243 3376 606 3453 Quis‘furor
651 3382 778 3455 est,
822 3395 977 3454 quae
1018 3396 1224 3453 mens,
1269 3377 1494 3437 densos
1536 3373 1826 3451 indagine
1871 3369 2065 3433 colles

324 3457 726 3522 claudentem
771 3467 1018 3522 teneras
1059 3460 1317 3521 laedere
1357 3458 1522 3519 velle
1567 3457 1834 3597 ιιιειιιιιῗιέἰ
