2578 3898
813 221 1103 284 TIBULLI
1144 221 1280 283 LIB.
1316 223 1415 284 IV.
1446 233 1499 287 4.
1534 236 1583 287 5.
1614 235 1667 288 6.
2169 228 2250 287 53

331 393 605 470 Cogitat,
647 397 712 451 et
748 391 981 451 frustra
1023 388 1278 450 credula
1315 392 1498 450 turba
1535 388 1729 450 sedet.
2183 403 2253 456 20

250 476 531 553 Phoebe,
572 476 742 553 fave:
781 473 916 534 laus
956 492 1172 552 magna
1212 475 1329 534 tibi
1372 475 1685 534 tribuetur
1726 476 1791 534 in
1834 494 1956 534 uno

332 560 612 638 Corpore
656 564 899 618 servato
943 559 1294 618 restituisse
1333 556 1504 616 duos.

248 643 369 702 lam
412 641 699 719 celeber,
739 643 859 700 iam
900 639 1101 701 laetus
1142 643 1300 719 eris,
1340 660 1476 701 cum
1521 640 1731 701 debita
1775 640 1999 702 reddet

330 726 631 786 Certatim
675 726 902 784 sanctis
937 722 1138 784 laetus
1184 730 1449 802 uterque
1488 725 1665 785 focis.

249 807 424 867 Tunc
459 814 525 867 te
567 805 817 868 felicem
862 806 1031 867 dicet
1070 808 1173 887 pia
1213 809 1398 868 turba
1438 806 1724 888 deorum,
2180 821 2248 874 25

330 891 646 969 Optabunt
688 896 861 951 artes·
891 897 963 952 et
998 892 1118 952 sibi
1161 893 1424 971 quisque
1460 898 1616 952 tuas.

1207 1106 1289 1169 V.

251 1192 375 1294 Qui
416 1229 567 1288 mihi
611 1235 708 1306 te,
754 1228 1086 1306 Cerinthe,
1134 1226 1269 1288 dies
1315 1227 1523 1308 desit,
1565 1231 1670 1290 mc
1713 1232 1863 1291 mihi
1904 1236 2149 1291 sanctus

330 1311 537 1390 Atque
575 1313 744 1372 inter
784 1313 981 1372 festos
1024 1329 1272 1390 semper
1314 1311 1634 1373 habendus
1679 1315 1819 1373 erit.

250 1394 345 1453 Te
388 1403 682 1454 nascente
728 1414 948 1454 novum
986 1395 1219 1454 Parcae
1263 1396 1550 1454 cecinere
1590 1395 1822 1474 puellis

333 1477 662 1537 Servitium
708 1484 773 1538 et
815 1476 1124 1538 dederunt
1165 1495 1359 1555 regna
1399 1479 1663 1556 superba
1705 1481 1842 1538 tibi.

248 1560 411 1621 Uror
455 1579 569 1639 ego
616 1567 759 1621 ante
804 1560 985 1621 alias:
1026 1563 1191 1621 iuvat
1231 1562 1387 1639 hoc,
1430 1562 1765 1640 Cerinthe‚
1810 1560 1975 1641 quod
2013 1582 2180 1640 uror,
2215 1574 2246 1623 5

334 1643 400 1703 Si
442 1646 558 1704 tibi
603 1643 682 1704 de
726 1645 904 1704 nobis
937 1650 1181 1704 mutuus
1222 1645 1381 1721 ignis
1421 1644 1614 1706 adest.
2299 1655 2304 1659 “

248 1728 500 1787 Mutuus
543 1726 704 1788 adsit
749 1747 949 1804 amor,
986 1746 1103 1807 per
1140 1734 1205 1787 te
1250 1724 1605 1787 dulcissima
1644 1727 1811 1788 furta

334 1811 579 1888 Perque
622 1818 761 1870 tuos
802 1810 1012 1870 oeulos
1054 1828 1170 1890 per
1209 1811 1595 1889 Geniumque
1636 1830 1808 1889 rogo.

248 1894 435 1954 Mane
478 1893 669 1973 Geni,
715 1912 865 1976 cape
905 1901 1046 1955 tura
1086 1893 1286 1955 libens
1321 1895 1602 1971 votisque
1643 1894 1881 1973 faveto,

334 1977 400 2037 Si
443 1978 660 2054 modo,
698 1998 834 2038 cum
878 1978 958 2038 de
983 1995 1084 2037 me
1127 1979 1392 2056 cogitat,
1432 1977 1548 2038 ille
1591 1977 1769 2039 calet.
2189 1990 2253 2039 10

250 2060 428 2135 Quod
473 2063 525 2120 si
565 2061 927 2121 forte·alios
969 2062 1089 2120 iam
1131 2080 1294 2119 nunc
1339 2062 1605 2140 suspirat
1648 2081 1921 2139 amores,

335 2143 513 2203 Tunc
555 2161 780 2222 precor
821 2142 1080 2220 infidos,
1121 2149 1368 2219 sancte,
1408 2142 1694 2224 relinque
1737 2146 1928 2207 focos,

248 2229 379 2288 Nec
420 2232 491 2286 tu
535 2228 619 2286 sis
663 2227 922 2303 iniusta,
962 2226 1203 2288 Venus:
1245 2226 1345 2287 vel
1388 2227 1618 2287 serviat
1658 2246 1855 2307 aeque

332 2310 594 2370 Vinctus
632 2315 900 2388 uterque
940 2310 1089 2386 tibi,
1131 2308 1234 2369 vel
1274 2308 1648 2370 mea.vincla
1686 2309 1842 2372 leva.

249 2392 377 2452 Sed
419 2395 624 2472 potius
670 2390 869 2451 valida
911 2399 1233 2451 teneamur
1275 2397 1544 2470 uterque
1584 2401 1833 2472 catena,
2185 2406 2249 2457 15

332 2474 514 2535 Nulla
555 2481 740 2553 queat
781 2477 1036 2555 posthac
1079 2494 1192 2534 nos
1234 2475 1498 2535 soluisse
1542 2472 1698 2537 dies.

249 2559 438 2639 Optat
474 2558 639 2618 idem
678 2560 914 2619 iuvenis
959 2557 1123 2636 quod
1162 2578 1306 2636 noS,
1350 2557 1463 2619 sed
1504 2563 1727 2620 tectius
1770 2566 1967 2641 optat:

334 2641 484 2701 Nam
527 2642 720 2722 pudet
762 2644 913 2703 haec
951 2642 1127 2702 illum
1169 2641 1381 2702 dicere
1418 2644 1605 2703 verba
1644 2641 1864 2724 palam.

255 2727 337 2785 At
377 2732 477 2802 tu,
523 2725 788 2801 Natalis,
833 2728 1118 2803 quoniam
1162 2723 1315 2783 deus
1359 2726 1560 2785 omnia
1602 2728 1828 2804 sentis,

335 2809 585 2868 Annue:
628 2808 777 2886 quid
815 2809 1048 2885 refert,
1093 2807 1323 2868 clamve
1367 2805 1644 2887 palamve
1682 2810 1909 2889 roget?
2185 2822 2253 2872 20
2322 2807 2330 2814 ’

1195 3019 1314 3083 VI.

255 3102 498 3196 Natalis
540 3132 722 3209 Iuno,
764 3138 1007 3193 sanctos
1053 3153 1203 3215 cape
1242 3133 1399 3193 turis
1442 3153 1723 3211 acervos,

336 3218 503 3293 Quos
546 3216 661 3274 tibi
706 3213 813 3275 dat
853 3222 1071 3275 tenera
1108 3217 1289 3276 docta
1332 3215 1543 3296 puella
1585 3235 1782 3277 manu.

253 3300 416 3360 Tota
460 3300 576 3359 tibi
619 3304 716 3358 est
759 3297 980 3376 hodie,
1022 3300 1138 3358 tibi
1177 3318 1246 3359 se
1287 3298 1625 3359 laetissima
1669 3300 1960 3379 compsit,

338 3383 548 3442 Staret
588 3387 658 3441 ut
700 3389 843 3440 ante
887 3387 1024 3442 tuos
1069 3380 1505 3462 conspicienda
1547 3383 1739 3443 focos.

252 3464 367 3526 llla
405 3465 654 3542 quidem
693 3463 954 3526 ornandi
997 3484 1206 3525 causas
1247 3466 1405 3542 tibi,
1448 3464 1617 3542 diva,
1662 3464 1926 3545 relegat:
2222 3478 2255 3527 5
