2578 3898
877 186 1171 251 TIBULLI
1209 187 1348 251 LIB.
1381 190 1427 252 1.
1464 199 1518 255 6.
1549 189 1598 253 74
2162 195 2237 257 15

321 360 615 422 Inmerito
657 375 884 439 pronas
926 357 1361 438 proripiarque
1401 360 1547 420 vias.

240 445 377 506 Non
418 463 533 522 ego
576 447 642 501 te
680 440 931 520 pulsare
974 440 1193 518 velim,
1236 441 1380 520 sed,
1420 442 1666 504 venerit
1705 443 1825 503 iste

222 594 229 601 .
324 528 389 587 Si
429 528 638 603 furor,
678 525 941 605 optarim
983 543 1108 583 non
1151 526 1441 587 habuisse
1481 544 1724 587 manus:

234 611 364 672 Nec
408 629 588 670 saevo
633 609 718 668 sis
759 614 928 668 casta
967 615 1170 687 metu,
1213 610 1328 669 sed
1369 615 1578 671 mente
1618 607 1828 670 fideli:
2167 617 2235 675 75

317 695 571 755 Mutuus
614 693 854 752 absenti
895 698 960 751 te
999 693 1150 751 mihi
1191 701 1399 753 servet
1440 712 1626 754 amor.

234 778 354 854 At,
402 795 558 856 quae
599 773 724 835 fida
763 774 885 834 fuit
921 773 1108 852 nulli,
1149 784 1293 855 post
1329 779 1491 837 victa
1531 783 1783 836 senecta

321 862 508 920 Ducit
542 861 722 937 inops
763 857 1027 918 tremula
1060 862 1318 919 stamina
1358 866 1524 921 torta
1558 879 1739 920 manu

232 946 563 1022 Firmaque
605 939 927 1002 conductis
971 940 1246 1003 adnectit
1280 941 1426 1005 licia
1458 942 1606 1003 telis

321 1027 672 1105 Tractaque
716 1024 795 1084 de
837 1026 1016 1085 niveo
1058 1026 1296 1087 vellere
1336 1027 1523 1089 dente
1561 1034 1756 1106 putat.
2167 1037 2237 1090 80

235 1112 413 1173 Hauc
456 1111 656 1169 animo
699 1108 1009 1186 gaudente
1051 1107 1267 1170 vident
1306 1112 1716 1189 iuvenumque
1761 1114 2043 1170 catervae

321 1194 817 1255 Commemorant
858 1193 1084 1252 merito
1126 1200 1222 1254 tot
1261 1195 1419 1256 mala
1461 1194 1633 1254 ferre
1676 1211 1920 1271 senem,

235 1276 413 1338 Hanc
455 1276 668 1338 Venus
711 1293 786 1334 ex
828 1274 953 1335 alto
996 1277 1252 1338 flentem
1295 1277 1571 1340 sublimis
1615 1277 1879 1357 Olympo

321 1361 575 1440 Spectat
618 1368 684 1418 et
726 1358 933 1418 infidis
978 1379 1157 1438 quam
1198 1364 1281 1422 sit
1319 1362 1542 1422 acerba
1581 1369 1811 1421 monet.

235 1444 406 1504 Haec
444 1441 581 1502 aliis
623 1440 952 1501 maledicta
995 1444 1246 1505 cadant:
1285 1465 1434 1522 nos,
1477 1443 1690 1525 Delia,
1733 1445 1958 1506 amoris
2165 1455 2235 1509 85

317 1523 681 1606 Exemplum
724 1544 874 1586 cana
918 1527 1108 1589 simus
1148 1536 1414 1608 uterque
1457 1547 1645 1590 coma.

1150 1716 1334 1837 '3⁷11ss

235 1829 422 1922 Hunc
467 1862 756 1920 cecinere
800 1857 963 1920 diem
1006 1861 1238 1921 Parcae
1274 1861 1489 1922 fatalia
1530 1869 1754 1924 nentes

318 1946 591 2006 Stamina
628 1964 751 2005 non
791 1942 904 2004 ulli
950 1943 1346 2007 dissoluenda
1390 1946 1543 2024 d'eo;

232 2030 414 2089 Hunc
456 2030 629 2105 fore,
671 2028 1011 2104 Aquitanas
1054 2037 1270 2110 posset
1316 2032 1420 2109 qui
1464 2031 1730 2091 fundere
1772 2037 2023 2110 gentes,

318 2114 513 2187 Quem
555 2119 861 2172 tremeret
901 2112 1055 2173 forti
1091 2113 1291 2173 milite
1334 2116 1532 2173 victus
1571 2116 1746 2174 Atax.

231 2196 547 2255 Evenere:
591 2213 782 2254 novos
823 2198 1018 2275 pubes
1061 2197 1333 2255 Romana
1372 2197 1718 2276 triumphos
2201 2209 2234 2258 5

316 2278 493 2339 Vidit
537 2285 604 2339 et
643 2279 921 2339 evinctos
965 2280 1216 2339 brachia
1257 2285 1437 2359 capta
1478 2279 1697 2340 duces:

236 2362 317 2423 At
356 2367 423 2423 te
463 2364 750 2423 victrices
792 2360 1033 2440 lauros,
1079 2361 1385 2441 Messala,
1427 2371 1748 2442 gerentem

318 2445 610 2505 Portabat
653 2447 848 2509 niveis
891 2466 1106 2506 currus
1151 2448 1421 2507 eburnus
1463 2449 1660 2526 equis.

233 2529 371 2590 Non
415 2531 548 2588 sine
590 2547 690 2589 me
733 2535 830 2588 est
873 2531 989 2590 tibi
1029 2536 1245 2610 partus
1282 2531 1511 2591 honos:
1556 2527 1852 2592 Tarbella
1892 2530 2138 2609 Pyrene

319 2612 529 2673 Testis
571 2618 638 2672 et
679 2613 908 2672 Oceani
952 2612 1138 2674 litora
1181 2614 1531 2693 Santonici,
2169 2625 2233 2674 10

235 2695 443 2756 Testis
486 2697 646 2755 Arar
687 2695 1143 2774 Rhodanusque
1186 2696 1359 2756 celer
1403 2715 1775 2774 magnusque
1814 2697 2154 2772 Garumna,

320 2780 578 2839 Carnoti
623 2787 689 2837 et
726 2779 868 2836 flavi
912 2778 1158 2837 caerula
1199 2777 1450 2857 lympha
1490 2780 1698 2855 Liger.

231 2864 331 2923 An
372 2867 468 2937 te,
513 2858 764 2937 Cydne,
810 2878 1051 2936 canam,
1095 2861 1305 2918 tacitis
1351 2862 1455 2939 qui
1498 2858 1732 2920 leniter
1772 2858 1954 2920 undis

318 2941 659 3005 Caeruleus
701 2939 965 3020 placidis
1005 2961 1122 3022 per
1163 2941 1316 3002 vada
1357 2946 1557 3024 serpis
1602 2945 1806 3024 aquis,

233 3028 506 3104 Quantus
547 3033 612 3086 et
650 3025 930 3085 aetherio
977 3027 1339 3104 contingens
1381 3029 1616 3089 vertice
1662 3030 1855 3087 nubes
2167 3042 2230 3092 15

315 3109 605 3188 Frigidus
644 3110 926 3169 intonsos
970 3108 1212 3170 Taurus
1255 3109 1382 3171 alat
1425 3112 1699 3173 Cilicas?

232 3192 396 3269 Quid
437 3193 740 3269 referam,
781 3199 851 3251 ut
893 3190 1117 3254 volitet
1156 3195 1409 3257 crebras
1451 3196 1682 3255 intacta
1719 3211 1837 3273 per
1878 3195 2063 3256 urbes

313 3277 472 3337 Alba
508 3275 857 3335 Palaestino
904 3283 1111 3337 sancta
1153 3277 1434 3339 columba
1477 3279 1669 3357 Syro,

231 3360 441 3436 thue
481 3360 667 3420 maris
707 3365 939 3420 vastum
982 3369 1344 3441 prospectet
1384 3363 1658 3422 turribus
1703 3378 1937 3440 aequor

317 3441 522 3503 Prima
560 3449 758 3504 ratem
800 3445 1003 3505 ventis
1047 3445 1309 3507 credere
1348 3444 1532 3507 docta
1570 3444 1773 3526 Tyros
1787 3487 1805 3523 ,
2162 3452 2232 3504 20
