2578 3898
357 190 438 254 48
1010 184 1301 247 'l'IBULLI
1341 184 1479 246 LIB.
1511 185 1611 247 IV.
1645 197 1697 251 1.

438 360 526 419 At
564 376 690 418 non
726 374 843 439 per
887 353 1101 415 dubias
1143 360 1358 414 errant
1397 371 1537 414 mea
1570 353 1839 415 carmina
1875 353 2126 417 laudes:

353 442 507 504 Nam
543 439 727 502 bellis
770 444 1026 519 experta
1067 456 1237 497 cano.
1280 439 1463 497 testis
1504 439 1656 497 mihi
1696 440 1895 499 victae

352 524 566 588 Fortis
609 523 898 604 Iapydiae
940 520 1151 598 miles,
1192 521 1373 581 testis
1418 540 1663 600 quoque
1704 520 1895 582 fallax

355 609 738 686 Pannonius,
778 606 1014 686 gelidas
1052 605 1277 685 passim
1322 603 1616 665 disiectus
1656 607 1724 666 in
1766 604 1960 685 Alpes

358 692 570 753 Testis
608 692 902 770 Arupinis
946 695 1012 748 et
1051 706 1288 769 pauper
1331 694 1509 747 natus
1549 689 1618 747 in
1661 690 1875 760 armis,
2266 703 2369 755 110

358 779 553 852 Quem
597 775 650 834 si
696 775 832 853 quis
873 773 1081 833 videat
1122 777 1299 831 vetus
1335 776 1404 831 ut
1445 791 1570 831 non
1610 773 1875 851 fregerit
1914 779 2112 852 aetas,

359 859 570 920 Terna
605 858 804 917 minus
844 854 1060 937 Pyliae
1100 857 1362 915 miretur
1404 855 1647 916 saecula
1686 857 1902 917 famae.

358 943 624 1003 Centum
663 939 964 1001 fecundos
1009 940 1198 999 Titan
1234 940 1625 999 renovaverit
1664 958 1887 1017 annos,

355 1026 495 1105 lpse
535 1031 739 1085 tamen
781 1023 959 1085 velox
1000 1021 1272 1083 celerem
1317 1041 1505 1101 super
1546 1022 1739 1083 edere
1781 1041 2004 1102 corpus

358 1107 605 1169 Gaudet
645 1126 867 1187 equum
909 1105 1251 1185 validisque
1288 1105 1470 1166 sedet
1506 1104 1860 1166 moderator
1897 1108 2174 1167 habenis.
2265 1116 2365 1170 115

360 1192 458 1252 Te
502 1191 660 1252 duce
701 1211 828 1251 non
871 1189 1022 1251 alias
1062 1208 1394 1251 conversus
1437 1196 1615 1267 terga
1656 1188 1936 1250 domator
1997 1250 2000 1253 .

356 1276 583 1335 Libera
625 1275 934 1334 Romanae
973 1275 1238 1335 subiecit
1279 1272 1443 1333 colla
1485 1281 1759 1333 catenae.

440 1359 572 1420 Nec
611 1364 818 1419 tamen
858 1360 956 1418 his
1000 1363 1327 1419 contentus
1372 1359 1528 1417 eris:
1570 1359 1802 1417 maiora
1841 1359 2115 1437 peractis

357 1442 626 1518 Instant,
670 1450 1054 1522 compertum
1096 1448 1193 1502 est
1225 1443 1545 1502 veracibus
1586 1448 1657 1502 ut
1695 1442 1848 1501 mihi
1887 1442 2111 1519 signis,
2437 1506 2440 1509 ,

360 1526 510 1601 Quis
553 1526 996 1605 Amythaonius
1039 1532 1310 1604 nequeat
1353 1531 1596 1584 certare
1637 1524 2000 1604 Melampus,
2267 1532 2369 1585 120

357 1609 510 1670 Nam
550 1609 734 1670 modo
779 1609 1119 1688 fulgentem
1161 1609 1356 1686 Tyrio
1400 1610 1784 1686 subtegmine
1826 1615 2061 1668 vestem

357 1692 653 1753 Indueras
698 1695 941 1754 oriente
984 1692 1086 1752 die
1123 1690 1278 1751 duce
1317 1690 1546 1751 fertilis
1591 1693 1766 1767 anni,

232 1789 235 1792 ⁴
361 1774 763 1856 Splendidior
802 1775 1059 1855 liquidis
1098 1794 1231 1834 cum
1276 1774 1386 1834 Sol
1429 1781 1612 1854 caput
1653 1772 1873 1834 extulit
1912 1772 2091 1834 undis

358 1860 443 1921 Et
477 1860 614 1919 fera
649 1858 966 1920 discordes
1009 1864 1345 1917 tenuerunt
1385 1859 1627 1916 flamina
1662 1858 1867 1931 venti,

360 1944 562 2004 Curva
603 1963 720 2003 nec
763 1947 1038 2001 assuetos
1082 1947 1345 2016 egerunt
1386 1940 1635 1998 flumina
1680 1957 1928 2013 cursus,
2266 1948 2369 2004 125

361 2028 527 2105 Quin
568 2025 846 2107 rapidum
885 2021 1143 2103 placidis
1190 2023 1373 2081 etiam
1415 2038 1584 2080 mare
1627 2021 1908 2081 constitit
1949 2019 2162 2100 undis,

360 2110 544 2172 Nulla
584 2129 703 2170 nec
746 2108 944 2168 aerias
983 2104 1252 2166 volucris
1295 2103 1644 2186 perlabitur
1683 2123 1861 2164 auras

361 2194 493 2255 Nec
539 2191 887 2272 quadrupes
933 2188 1153 2249 densas
1199 2188 1552 2269 depascitur
1595 2207 1813 2269 aspera
1855 2186 2072 2267 silvas,

361 2277 523 2354 Quin
563 2275 787 2354 largita
829 2275 953 2333 tuis
996 2278 1140 2332 sunt
1180 2281 1348 2332 muta
1390 2272 1638 2333 silentia
1678 2272 1855 2331 votis.

360 2361 637 2440 Iuppiter
679 2360 814 2436 ipse
855 2356 981 2416 levi
1021 2361 1235 2416 vectus
1277 2374 1397 2436 per
1436 2357 1642 2415 inania
1684 2373 1869 2414 curru
2261 2365 2369 2418 130

361 2443 559 2503 Affuit
600 2447 665 2500 et
707 2437 881 2500 caelo
925 2441 1188 2499 vicinum
1229 2438 1417 2518 liquit
1460 2436 1787 2517 Olympum

360 2526 722 2601 Intentaque
762 2525 884 2583 tuis
926 2524 1215 2603 precibus
1257 2539 1327 2582 se
1368 2523 1655 2601 praebuit
1694 2538 1842 2580 aure

361 2609 718 2685 Cunctaque
757 2607 963 2666 veraci
1003 2607 1204 2684 capite
1248 2606 1491 2664 annuit:
1534 2603 1777 2663 additus
1821 2605 1944 2662 aris

359 2692 612 2752 Laetior
650 2687 843 2762 eluxit
883 2694 1151 2749 structos
1195 2707 1382 2768 super
1423 2688 1584 2766 ignis
1625 2704 1895 2746 acervos.

445 2775 607 2850 Quin
648 2776 939 2834 hortante
985 2771 1102 2833 deo
1147 2773 1382 2851 magnis
1424 2772 1715 2831 insistere
1758 2771 1945 2830 rebus
2267 2780 2369 2834 135

363 2858 604 2937 Incipe:
641 2877 766 2916 non
808 2856 973 2917 idem
1019 2857 1133 2916 tibi
1177 2858 1304 2916 sint
1343 2856 1605 2934 aliisque
1648 2854 1962 2934 triumphi.

360 2941 500 3001 Non
540 2946 606 2999 te
647 2941 848 3000 vicino
891 2941 1307 3000 remorabitur
1351 2940 1527 2999 obvia
1568 2939 1775 2999 Marte

363 3023 565 3085 Gallia
605 3042 723 3083 nec
763 3022 908 3083 latis
950 3021 1143 3082 audax
1184 3023 1481 3102 Hispania
1521 3022 1711 3080 terris

361 3107 492 3168 Nec
531 3108 669 3167 fera
708 3107 995 3166 Theraeo
1034 3103 1223 3165 tellus
1266 3107 1517 3165 obsessa
1559 3101 1811 3178 colono,

360 3190 492 3250 Nec
537 3211 655 3269 qua
687 3187 788 3249 vel
832 3189 1008 3250 Nilus
1050 3187 1151 3248 vel
1194 3189 1365 3266 regia
1405 3185 1656 3266 lympha
1698 3186 2013 3265 Choaspes
2267 3193 2373 3249 140

361 3274 627 3333 Profluit
669 3279 773 3333 aut
815 3273 1096 3353 rapidus,
1140 3273 1291 3350 Cyri
1335 3270 1677 3346 dementia,
1717 3268 1971 3348 Gyndes

363 3358 522 3416 Aret
562 3357 847 3417 Arecteis
889 3355 1053 3416 haud
1091 3375 1212 3415 una
1249 3373 1366 3435 per
1404 3354 1561 3413 ostia
1603 3354 1861 3431 campis,

365 3440 495 3499 Nec
541 3459 659 3518 qua
700 3456 893 3516 regna
933 3457 1085 3517 vago
1133 3439 1423 3518 Tomyris
1463 3439 1664 3499 finivit
1706 3437 1941 3501 Araxe,
