2578 3898
352 199 434 262 50
996 197 1316 259 TmULLI.
1328 197 1465 259 LIB.
1501 199 1598 264 tv,
1634 212 1683 264 l.

348 368 661 444 Fortuna,
704 374 774 428 ut
812 385 945 426 mos
982 374 1079 427 est
1122 364 1252 443 illi,
1295 385 1395 427 me
1430 368 1685 429 adversa
1718 369 1960 447 fatiget.

350 452 501 511 Nam
544 452 726 530 mihi,
768 471 906 512 cum
946 451 1180 528 magnis
1223 453 1444 530 opibus
1486 453 1702 513 domus
1736 452 1858 513 alta
1893 455 2157 532 niteret,

350 536 467 595 Cui
508 535 759 595 fucrant
797 536 938 595 flavi
983 534 1251 594 ditantes
1294 534 1514 596 ordine
1556 535 1716 597 sulci

348 619 596 679 Horrea
638 619 936 678 fecundas
979 617 1058 676 ad
1101 617 1457 679 deficientia
1497 640 1765 697 messes,
2257 630 2360 685 185

349 702 589 781 Cuique
625 720 814 781 pecus
859 700 1051 761 denso
1096 704 1432 780 pascebant
1474 707 1715 782 agmine
1753 701 1950 763 colles

349 786 464 863 (Et
502 785 749 845 domino
795 786 943 845 satis
987 792 1053 844 et
1095 786 1348 845 nimium
1389 788 1639 866 furique
1680 786 2020 866 lupoque),

348 870 523 928 Nunc
568 868 949 928 desiderium
990 875 1308 948 superest:
1351 890 1489 930 nam
1534 892 1682 930 cura
1722 878 2013 947 novatur,

348 955 503 1013 Cum
544 971 780 1012 memor
823 959 967 1012 ante
1010 961 1177 1012 actos
1222 972 1470 1033 semper
1508 952 1689 1014 dolor
1732 954 2023 1014 admonet
2066 974 2272 1013 annos.

349 1035 476 1096 Sed
514 1035 669 1097 licet
711 1038 1028 1115 asperiora
1069 1035 1292 1097 cadant
1331 1036 1687 1118 spolierque
1726 1037 1999 1116 relictis,
2257 1047 2361 1101 190

345 1122 483 1180 Non
523 1127 589 1181 te
634 1118 927 1179 deficient
967 1126 1216 1180 nostrae
1259 1141 1603 1182 memorare
1647 1124 1969 1184 Camenae.

349 1205 481 1263 Nec
525 1202 725 1264 solum
763 1205 879 1263 tibi
920 1204 1115 1264 Pierii
1157 1206 1511 1265 tribuentur
1553 1207 1858 1265 honores:

347 1287 471 1347 Pro
511 1294 577 1346 te
617 1286 717 1347 vel
755 1286 1003 1367 rapidas
1047 1289 1235 1347 ausim
1278 1290 1465 1347 maris
1505 1290 1602 1348 ire
1639 1307 1755 1369 per
1798 1287 2026 1366 undas,

348 1370 644 1431 Adversis
686 1372 948 1431 hiberna
986 1370 1139 1431 licet
1177 1378 1456 1432 tumeant
1494 1373 1660 1433 freta
1697 1375 1935 1450 ventis,

349 1455 472 1514 Pro
517 1461 582 1514 te
624 1453 724 1515 vel
769 1454 978 1516 densis
1022 1455 1189 1515 solus
1232 1458 1574 1517 subsistere
1608 1459 1829 1517 turmis
2255 1465 2359 1517 195

347 1536 471 1599 vel
508 1559 760 1617 parvum
801 1541 1118 1599 Aetnaeae
1161 1559 1387 1620 corpus
1421 1542 1807 1600 committere
1851 1541 2146 1600 flammae.

350 1622 498 1681 Sum
542 1622 989 1702 quodcunque,
1031 1630 1201 1682 tuum
1244 1629 1360 1683 est.
1407 1626 1607 1683 nostri
1649 1625 1704 1684 si
1745 1624 1999 1705 parvula
2044 1642 2191 1682 cura

348 1705 445 1766 Sit
483 1707 633 1784 tibi,
679 1715 904 1786 quanta
943 1705 1137 1780 libet,
1181 1707 1235 1766 si
1277 1708 1361 1766 sit
1401 1707 1618 1786 modo,
1661 1727 1787 1766 non
1830 1708 1981 1766 mihi
2025 1724 2215 1784 regna

345 1788 576 1868 Lydia,
615 1810 739 1849 non
781 1791 983 1867 magni
1015 1793 1225 1870 potior
1267 1792 1350 1850 sit
1390 1791 1551 1850 fama
1592 1791 1882 1869 Gylippi,

346 1873 539 1933 Posse
583 1872 891 1933 Meleteas
929 1891 1047 1931 nec
1088 1871 1339 1931 mallem
1379 1875 1628 1933 vincere
1670 1874 1931 1930 chartas.
2260 1880 2367 1933 200

351 1957 532 2032 Quod
572 1957 687 2016 tibi
727 1956 780 2015 si
819 1973 1033 2013 versus
1070 1962 1319 2030 noster,
1362 1962 1606 2014 totusve
1649 1956 1956 2028 minusve,

349 2038 472 2101 Vel
516 2042 679 2101 bene
722 2039 805 2099 sit
845 2043 1063 2113 notus,
1108 2055 1343 2095 summo
1381 2036 1482 2097 vel
1521 2039 1763 2097 inerret
1801 2039 1868 2096 in
1912 2053 2056 2113 ore,

352 2123 532 2184 Nulla
574 2124 725 2183 mihi
766 2126 1039 2182 statuent
1077 2120 1264 2180 finem
1306 2127 1373 2180 te
1415 2122 1543 2183 fata
1585 2120 1865 2182 canendi.

353 2209 516 2282 Quin
558 2208 740 2266 etiam
784 2224 920 2264 mea
955 2211 1103 2264 tunc
1148 2203 1415 2265 tumulus
1459 2226 1595 2265 cum
1638 2207 1868 2266 texerit
1909 2224 2077 2280 ossa,

354 2292 480 2351 Seu
521 2298 759 2349 matura
802 2287 938 2347 dies
980 2288 1255 2349 celerem
1297 2296 1596 2372 properat
1637 2290 1788 2348 mihi
1830 2297 2129 2365 mortem,
2259 2296 2367 2351 205

351 2375 562 2451 Longa
602 2378 812 2430 manet
852 2390 963 2430 seu
1001 2374 1159 2450 vita,
1200 2378 1443 2452 tamen,
1484 2381 1715 2433 mutata
1757 2373 1953 2451 figura

353 2457 477 2516 Seu
518 2473 617 2514 me
653 2454 849 2531 finget
890 2474 1114 2532 equum
1157 2455 1393 2532 rigidos
1434 2475 1809 2537 percurrere
1844 2474 2088 2535 campos

353 2541 612 2599 Doctum
654 2555 765 2597 seu
806 2536 971 2596 tardi
1013 2540 1261 2616 pecoris
1304 2540 1418 2598 sim
1463 2540 1660 2617 gloria
1697 2547 1909 2599 taurus

354 2624 496 2683 Sive
535 2639 650 2698 ego
692 2639 808 2700 per
847 2618 1153 2700 liquidum
1193 2620 1461 2682 volucris
1502 2623 1692 2682 vehar
1733 2640 1878 2681 aera
1917 2622 2171 2700 pennis,

354 2704 857 2784 Quandocumque
897 2705 1210 2766 hominem
1251 2724 1351 2766 me
1393 2705 1580 2785 longa
1614 2705 1932 2785 receperit
1975 2713 2172 2780 actas,
2259 2713 2373 2765 210

353 2790 624 2868 Inceptis
668 2786 747 2849 de
786 2796 855 2849 te
897 2792 1213 2854 subtexam
1252 2792 1523 2851 carmina
1563 2791 1812 2853 chartis.

1162 3096 1568 3107 *ᾠ-

1162 3109 1571 3117 ----
