2578 3898
875 173 1166 236 TIBULLI
1205 173 1343 236 LlB.
1380 175 1451 236 11.
1492 185 1543 236 5.
2135 175 2211 239 31

300 345 460 404 Dum
505 341 815 404 cumulant
855 363 1024 422 aras,
1064 342 1141 403 ad
1185 351 1289 422 tua
1329 363 1501 403 sacra
1539 345 1698 404 veni.

214 427 343 488 Sed
380 425 610 487 nitidus
650 425 1036 508 pulcherque
1077 428 1249 487 veni:
1294 446 1456 486 nunc
1498 426 1689 486 indue
1726 433 1960 488 vestem

301 511 683 590 sepositam,
724 510 941 589 longas
983 530 1147 571 nunc
1190 513 1352 571 bene
1391 517 1576 589 pecte
1620 531 1853 588 comaS,

216 593 473 670 Qualem
518 601 582 654 te
628 601 970 655 memorant
1012 596 1277 655 Saturno
1323 612 1474 672 rege
1513 594 1724 672 fugato

299 679 543 739 Victori
585 676 800 738 laudes
840 680 1224 739 concinuisse
1265 678 1409 738 Iovi.
2154 688 2221 737 10

217 760 317 820 Tu
360 760 581 840 procul
625 769 917 821 eventura
959 762 1166 838 vides,
1205 762 1325 821 tibi
1368 760 1614 821 deditus
1657 779 1846 839 augur

307 845 441 904 Scit
480 847 643 905 bene
688 845 837 925 quid
878 847 991 905 fati
1034 844 1292 925 provida
1335 851 1543 904 cantet
1586 845 1741 920 aviS,

218 928 441 1007 Tuque
485 931 652 1007 regis
698 935 932 1006 sortes,
967 948 1085 1008 per
1124 936 1191 988 te
1231 930 1577 1007 praesentit
1617 947 1911 1008 aruspex,

302 1013 569 1072 Lubrica
612 1015 873 1090 signavit
913 1033 1046 1072 cum
1086 1012 1237 1072 deus
1279 1018 1418 1071 exta
1461 1013 1655 1071 notis:
2055 1052 2062 1065 ,

217 1095 316 1154 Te
360 1095 516 1155 duce
559 1097 865 1156 Romanos
909 1116 1214 1175 nunquam
1261 1096 1560 1155 frustrata
1602 1093 1842 1174 Sibylla
2154 1104 2217 1155 15

302 1178 531 1239 Abdita
570 1199 724 1257 quae
766 1182 932 1239 senis
973 1182 1098 1240 fata
1138 1182 1310 1239 canit
1348 1179 1642 1260 pedibus!

215 1262 506 1341 Phoebe,
548 1283 753 1323 sacras
794 1264 1197 1324 Messalinum
1241 1265 1375 1324 sine
1418 1269 1680 1339 tangere
1724 1263 1966 1321 chartas

303 1346 508 1419 Vatis,
551 1354 616 1408 et
656 1349 791 1427 ipse
833 1367 1060 1427 precor
1103 1347 1271 1425 quod
1316 1354 1494 1406 canat
1532 1346 1641 1405 illa
1683 1344 1858 1407 doce.

218 1430 389 1490 Haec
435 1428 608 1490 dedit
649 1431 899 1490 Aeneae
942 1437 1176 1508 sorteS,
1220 1436 1543 1509 postquam
1583 1428 1696 1488 ille
1739 1435 2060 1508 parentem

305 1513 546 1573 Dicitur
591 1521 656 1575 et
696 1520 906 1595 raptos
951 1515 1315 1574 sustinuisse
1358 1514 1585 1589 Lares,
2152 1523 2220 1573 20

217 1595 350 1656 Nec
385 1597 524 1656 fore
571 1596 865 1658 credebat
906 1599 1188 1675 Romam,
1233 1618 1368 1658 cum
1412 1603 1677 1656 maestus
1722 1598 1796 1655 ab
1838 1593 1964 1655 alto

303 1679 462 1740 Ilion
506 1680 796 1741 ardentes
835 1684 1305 1760 respiceretque
1349 1680 1516 1739 deos.

221 1763 546 1842 (Romulus
591 1771 879 1824 aeternae
920 1764 1189 1825 nondum
1229 1766 1580 1824 firmaverat
1616 1765 1786 1823 urbis

303 1849 591 1926 Moenia,
634 1851 905 1909 consorti
946 1868 1070 1907 non
1112 1848 1443 1908 habitanda
1485 1847 1711 1921 Remo,

221 1931 348 1992 Sed
386 1939 532 1993 tunc
574 1935 908 2014 pascebant
947 1933 1214 1994 herbosa
1254 1930 1493 1993 Palatia
1530 1951 1747 1991 vaccae
2155 1941 2220 1992 25

304 2017 388 2076 Et
430 2020 672 2076 stabant
713 2018 977 2078 humiles
1020 2020 1086 2077 in
1128 2019 1285 2078 Iovis
1330 2036 1472 2077 arce
1516 2034 1710 2075 casae.

221 2100 411 2159 Lacte
456 2100 708 2160 madens
745 2101 875 2161 illic
917 2103 1168 2161 suberat
1207 2102 1337 2160 Pan
1376 2100 1541 2180 ilicis
1580 2102 1833 2159 umbrae

306 2184 389 2244 Et
430 2184 592 2243 facta
630 2186 859 2261 agresti
903 2184 1112 2262 lignea
1153 2183 1313 2243 falce
1355 2182 1568 2259 Pales,

222 2265 665 2346 Pendebatque
705 2270 837 2345 vagi
880 2268 1147 2347 pastoris
1187 2269 1252 2326 in
1296 2268 1517 2327 arbore
1560 2271 1796 2340 votum,
2149 2307 2158 2310 -

311 2351 577 2410 Garrula
621 2351 891 2412 silvestri
933 2349 1142 2411 fistula
1178 2371 1353 2412 sacra
1396 2349 1545 2425 deo,
2154 2356 2223 2409 30

222 2432 493 2512 Fistula,
539 2437 635 2494 cui
673 2454 917 2517 semper
964 2434 1274 2495 decrescit
1316 2433 1630 2494 arundinis
1677 2432 1865 2493 ordo:
2181 2429 2188 2438 '

306 2518 458 2578 Nam
501 2518 762 2579 calamus
802 2539 945 2580 cera
983 2521 1255 2598 iungitur
1297 2537 1490 2597 usque
1532 2519 1751 2577 minor.

228 2603 308 2662 At
353 2622 470 2680 qua
511 2602 768 2664 Velabri
811 2606 984 2683 regio
1018 2610 1226 2684 patet,
1268 2604 1366 2662 ire
1409 2601 1652 2662 solebat

307 2685 574 2764 Exiguus
614 2686 788 2767 pulla
829 2706 945 2767 per
986 2687 1137 2747 vada
1179 2687 1373 2746 linter
1416 2706 1588 2764 aqua.

223 2766 374 2828 Illac
418 2788 603 2849 saepe
643 2773 849 2848 gregis
892 2770 1037 2830 ditis
1079 2769 1381 2850 placitura
1421 2770 1713 2846 magistro
2157 2772 2223 2824 35

307 2852 407 2912 Ad
447 2854 728 2913 iuvenem
771 2855 932 2913 festa
973 2858 1071 2912 est
1111 2859 1287 2912 vecta
1328 2850 1536 2931 puella
1580 2850 1716 2927 die,

226 2937 379 2997 Cum
424 2957 540 3015 qua
578 2937 830 2997 fecundi
877 2935 1203 2996 redierunt
1242 2954 1495 2994 munera
1535 2935 1733 3011 ruris,

313 3021 540 3080 Caseus
584 3029 648 3082 et
689 3023 904 3082 niveae
948 3019 1242 3080 candidus
1286 3038 1474 3097 agnus
1514 3018 1693 3096 ovis.)

228 3103 529 3182 ‘Impiger
570 3106 813 3182 Aenea,
854 3105 1168 3165 volitantis
1207 3104 1403 3163 frater
1441 3104 1727 3179 Amoris,

312 3187 539 3246 'lroica
577 3189 679 3265 qui
723 3189 1001 3267 profugis
1041 3208 1214 3248 sacra
1255 3188 1429 3247 vehis
1472 3188 1743 3260 ratibus,
2137 3190 2226 3241 ‘40

225 3269 346 3332 lam
388 3272 500 3330 tibi
545 3270 888 3330 Laurentes
932 3273 1196 3349 assignat
1236 3271 1512 3354 Iuppiter
1557 3287 1767 3346 agros,
1876 3319 1880 3323 ,

310 3354 431 3413 Iam
469 3361 645 3415 vocat
689 3361 971 3414 errantes
1013 3355 1259 3433 hospita
1302 3360 1473 3413 terra
1507 3353 1720 3411 Lares.

226 3433 360 3497 Illic
405 3445 646 3499 sanctus
691 3439 849 3516 eris,
889 3457 1024 3498 cum
1065 3442 1132 3497 te
1174 3436 1525 3497 veneranda
1568 3435 1810 3494 Numici
