2578 3898
902 175 1190 239 TIBULLI
1227 175 1363 236 LIB.
1395 176 1496 237 lv,
1531 188 1583 241 1.
2150 181 2234 244 4⁷

229 345 457 424 Magna
496 342 676 404 deum
716 341 928 423 proles
969 340 1206 402 levibus
1251 340 1635 406 discurreret
1675 347 1943 425 umbris,

229 428 688 505 Praeteriitque
732 428 854 486 cita
895 426 1179 485 Sirenum
1219 425 1410 485 litora
1452 430 1660 508 puppi.

228 509 413 571 lllum
453 512 620 569 inter
657 511 935 588 geminae
975 513 1224 569 nantem
1269 511 1533 569 confinia
1565 514 1784 572 mortis
2167 521 2238 577 70

229 593 360 654 Nec
404 591 652 672 Scyllae
695 612 875 653 saevo
921 593 1267 655 conterruit
1299 594 1567 673 impetus
1610 614 1754 674 ore,

231 677 383 737 Cum
428 678 678 735 canibus
718 675 962 756 rapidas
1003 677 1172 735 inter
1213 677 1350 736 fera
1392 684 1678 757 serperet
1719 675 1945 757 undas,

229 759 361 820 Nec
403 759 676 819 violenta
717 779 827 819 suo
873 761 1251 838 consumpsit
1289 780 1464 820 more
1509 760 1892 841 Charybdis,

229 841 354 904 Vel
392 843 446 902 si
485 841 760 902 sublimis
798 844 989 903 fluctu
1031 850 1436 921 consurgeret
1476 846 1631 922 imo,

228 923 350 987 Vel
391 926 445 985 si
485 927 835 1005 interrupto
873 925 1138 986 nudaret
1179 928 1423 1005 gurgite
1463 934 1737 1008 pontum.
2169 935 2237 990 75

229 1009 369 1070 Non
411 1008 635 1068 violata
675 1011 810 1086 vagi
853 1010 1152 1070 sileantur
1195 1030 1420 1090 pascua
1459 1011 1655 1088 Solis,

171 1166 179 1173 Π
230 1091 368 1152 Non
411 1111 579 1151 amor
621 1098 686 1152 et
726 1091 992 1153 fecunda
1031 1092 1382 1154 Atlantidos
1425 1115 1566 1155 arva
1609 1092 1943 1174 Calypsus,

229 1173 397 1235 Finis
439 1183 503 1235 et
546 1177 778 1235 erroris
821 1177 1033 1236 miseri
1076 1177 1379 1236 Phaeacia
1422 1178 1625 1239 tellus.

230 1259 436 1335 Atque
474 1259 627 1317 haec
667 1278 777 1318 seu
814 1267 1056 1319 nostras
1099 1261 1266 1319 inter
1312 1267 1455 1321 sunt
1492 1263 1737 1338 cognita
1776 1267 2012 1338 terras,

229 1340 464 1404 Fabula
501 1343 629 1400 sive
671 1361 892 1402 novum
937 1341 1112 1402 dedit
1149 1344 1246 1402 his
1292 1346 1609 1404 erroribus
1654 1345 1902 1423 orbem,
2168 1353 2238 1405 80

233 1423 329 1483 Sit
362 1423 542 1482 labor
581 1423 779 1503 illius,
822 1432 926 1483 tua
970 1422 1113 1483 dum
1149 1424 1469 1502 facundia,
1515 1428 1728 1486 maior.

314 1507 438 1566 Iam
481 1514 544 1565 te
589 1527 714 1567 non
759 1507 912 1567 alius
955 1507 1109 1567 belli
1151 1514 1329 1568 tenet
1370 1511 1570 1588 aptius
1615 1515 1814 1586 artes,

233 1589 367 1666 Qua
410 1589 627 1650 deceat
669 1596 862 1651 tutam
905 1593 1121 1650 castris
1164 1591 1548 1671 praeducere
1590 1593 1849 1669 fossam,

235 1672 520 1748 Qualiter
564 1673 852 1733 adversos
894 1675 1059 1733 hosti
1105 1673 1380 1752 defigere
1424 1695 1671 1754 cervos,

234 1758 504 1831 Quemve
545 1756 749 1815 locum
784 1756 966 1816 ducto
1004 1757 1222 1816 melius
1265 1760 1348 1818 sit
1389 1758 1679 1818 claudere
1719 1755 1916 1835 vallo,
2169 1767 2237 1819 85

231 1838 535 1902 Fontibus
577 1846 646 1900 ut
689 1837 903 1899 dulces
948 1847 1227 1921 erumpat
1267 1848 1439 1901 terra
1480 1842 1791 1920 liquores,

233 1923 321 1984 Ut
361 1922 687 2003 facilisque
728 1925 852 1984 tuis
894 1923 1095 1985 aditus
1137 1926 1220 1986 sit
1264 1931 1330 1986 et
1372 1925 1596 1986 arduus
1634 1925 1837 2002 hosti,

233 2006 460 2066 Laudis
500 2014 566 2067 et
607 2008 849 2068 assiduo
892 2010 1096 2086 vigeat
1141 2012 1478 2070 certamine
1522 2009 1722 2068 miles.

235 2090 385 2167 Quis
427 2089 738 2149 tardamve
778 2090 992 2151 sudem
1032 2090 1253 2151 melius
1297 2092 1643 2152 celeremve
1684 2091 1966 2168 sagittam

233 2173 464 2234 lecerit
505 2179 607 2232 aut
644 2171 817 2232 lento
858 2175 1240 2252 perfregerit
1281 2176 1458 2234 obvia
1497 2173 1677 2253 pilo?
2170 2180 2239 2233 90

236 2257 361 2315 Aut
407 2257 540 2333 quis
583 2274 803 2334 equum
847 2256 1239 2335 celeremque
1281 2263 1416 2317 arto
1460 2272 1855 2336 compescere
1896 2254 2113 2314 fraeno

235 2339 443 2399 Possit
484 2344 549 2398 et
593 2340 816 2399 effusas
858 2338 1036 2400 tardo
1080 2341 1447 2419 permittere
1487 2341 1793 2416 habenas,

236 2421 429 2499 Inque
471 2423 668 2481 vicem
706 2421 889 2483 modo
934 2422 1174 2483 directo
1219 2423 1602 2483 contendere
1639 2440 1853 2501 passu,

239 2504 366 2563 Seu
406 2504 629 2583 libeat,
670 2525 854 2565 curvo
899 2507 1145 2579 brevius
1188 2499 1554 2566 convertere
1595 2525 1780 2585 gyro,

152 2655 157 2658 v
238 2588 389 2663 Quis
426 2608 666 2668 parma,
706 2608 817 2649 seu
861 2588 1076 2649 dextra
1113 2588 1267 2654 velit
1312 2610 1422 2652 seu
1464 2587 1673 2667 laeva,
1717 2588 1917 2663 tueri,
2171 2594 2237 2648 95

239 2669 382 2729 Sive
424 2673 540 2731 hac
582 2673 712 2732 sive
753 2672 900 2733 illac
942 2672 1190 2751 grandis
1232 2676 1405 2734 venit
1445 2674 1711 2751 impetus
1753 2671 1967 2729 hastae

237 2752 555 2833 Amplior,
597 2761 701 2815 aut
743 2756 980 2832 signata
1021 2757 1142 2814 cita
1181 2754 1319 2814 loca
1358 2761 1615 2832 tangere
1657 2752 1896 2813 funda?

237 2836 360 2896 Iam
400 2836 580 2896 simul
622 2835 866 2897 audacis
905 2839 1157 2897 venient
1200 2838 1535 2897 certamina
1577 2836 1848 2913 Martis,

238 2918 657 2999 Adversisque
698 2926 922 3000 parent
958 2921 1122 2980 acies
1167 2937 1541 2979 concurrere
1584 2919 1810 2997 signis,

241 3002 400 3063 Tum
439 3005 555 3064 tibi
596 3023 720 3063 non
764 3002 926 3064 desit
962 3004 1186 3063 faciem
1229 3021 1600 3083 componere
1641 3019 1914 3082 pugnae,
2139 3011 2242 3062 100

239 3086 363 3146 Seu
399 3088 481 3145 sit
517 3106 668 3166 opus
712 3087 1073 3166 quadratum
1114 3088 1278 3147 acies
1324 3088 1621 3147 consistat
1658 3087 1723 3145 in
1764 3102 2013 3162 agmen,

235 3168 466 3229 Rectus
504 3175 573 3228 ut
605 3172 879 3247 aequatis
918 3169 1207 3230 decurrat
1244 3172 1555 3230 frontibus
1594 3166 1780 3243 ordo,

241 3252 365 3312 Seu
403 3249 596 3313 libeat
640 3250 946 3331 duplicem
988 3254 1313 3313 seiunctim
1358 3269 1617 3313 cernere
1661 3250 1959 3328 Martem,

238 3335 471 3395 Dexter
513 3337 604 3395 uti
647 3333 884 3396 laevum
927 3341 1139 3395 teneat
1181 3334 1585 3414 dextrumque
1625 3333 1878 3394 sinister
2249 3389 2254 3394 .

240 3417 431 3479 Miles
471 3420 676 3500 sitque
719 3417 946 3501 duplex
991 3419 1219 3496 gemini
1259 3420 1516 3478 victoria
1558 3435 1750 3477 casus.
2138 3423 2262 3492 105¹
