2578 3898
359 171 441 233 32
1030 171 1318 232 TIBULLI
1359 171 1496 233 ΠΒ.
1528 170 1599 232 11.
1632 180 1684 233 5.

442 337 625 402 Unda
664 336 847 400 deum
891 339 1061 400 caelo
1104 340 1368 416 miserit
1388 338 1747 418 Indigetem.

358 424 523 485 Ecce
562 443 748 502 super
789 424 984 484 fessas
1027 421 1244 482 volitat
1283 423 1562 484 Victoria
1602 442 1873 503 puppes,

445 506 725 567 Tandem
764 506 842 566 ad
886 506 1190 567 Troianos
1232 504 1369 565 diva
1410 508 1676 586 superba
1715 509 1901 568 venit.

355 591 521 651 Ecce
564 591 714 650 mihi
753 589 964 649 lucent
1006 586 1250 649 Rutulis
1291 589 1578 649 incendia
1624 591 1875 650 castris:

442 674 565 733 Iam
602 674 717 733 tibi
757 671 1085 752 praedico,
1130 674 1392 732 barbare
1440 674 1688 751 Turne,
1730 692 1966 734 necem.

355 759 519 816 Ante
563 755 773 816 oculos
816 755 1091 816 Laurens
1135 763 1402 816 castrum
1442 775 1774 836 murusque
1814 758 2029 817 Lavini
2071 766 2168 819 est

437 838 718 917 Albaque
763 840 837 898 ab
880 840 1142 900 Ascanio
1189 839 1438 901 condita
1476 839 1658 918 longa
1703 840 1875 903 duce.

355 922 452 982 Te
497 941 739 1001 quoque
781 924 899 986 iam
941 922 1152 1000 video,
1196 923 1391 984 Marti
1430 923 1731 1004 placitura
1772 925 2060 986 sacerdos

436 1005 577 1082 Ilia,
619 1005 907 1067 Vestales
951 1005 1305 1068 deseruisse
1349 1009 1554 1086 focos,

355 1090 856 1168 concubitusque
893 1097 1031 1150 tuos
1071 1091 1286 1152 furtim
1328 1093 1633 1169 vittasque
1675 1093 1947 1153 iacentes

433 1174 518 1233 Et
563 1173 770 1252 cupidi
812 1173 890 1233 ad
931 1175 1098 1254 ripas
1141 1194 1310 1235 arma
1352 1173 1573 1235 relicta
1618 1175 1741 1234 dei.

352 1257 606 1334 Carpite
649 1276 844 1334 nuuc,
888 1258 1078 1335 tauri,
1123 1258 1202 1319 de
1244 1265 1483 1337 septem
1525 1259 1833 1318 montibus
1869 1259 2129 1337 herbas,

434 1339 593 1398 Dum
627 1338 812 1400 licetz
854 1341 955 1401 hic
999 1360 1251 1420 magnae
1295 1344 1413 1400 iam
1455 1339 1628 1401 locus
1668 1342 1838 1401 urbis
1882 1344 2021 1403 erit.

348 1422 573 1500 Roma,
618 1430 785 1483 tuum
827 1444 1051 1484 nomen
1096 1427 1283 1484 terris
1325 1424 1515 1485 fatale
1556 1423 1881 1504 regendis,

432 1506 566 1582 Qua
610 1525 717 1566 sua
761 1507 840 1567 de
884 1507 1054 1567 caelo
1097 1510 1401 1588 prospicit
1442 1529 1583 1568 arva
1623 1510 1848 1586 Ceres,

347 1589 602 1667 Quaque
645 1598 862 1670 patent
903 1598 1073 1650 ortus
1116 1598 1181 1651 et
1226 1611 1344 1669 qua
1385 1593 1764 1651 fluitantibus
1808 1592 1987 1651 undis

431 1672 593 1732 Solis
635 1673 996 1735 anhelantes
1040 1673 1235 1735 abluit
1270 1677 1463 1736 amnis
1505 1694 1713 1754 equos.

348 1755 541 1815 Troia
585 1756 832 1835 quidem
871 1765 1016 1817 tunc
1058 1776 1126 1817 se
1171 1760 1494 1819 mirabitur
1536 1766 1602 1819 et
1637 1759 1754 1818 sibi
1800 1758 1967 1819 dicet

428 1839 557 1900 Vos
600 1842 761 1900 bene
803 1847 922 1900 tam
967 1838 1153 1917 longa
1196 1841 1574 1901 consuluisse
1614 1842 1727 1900 via.

343 1922 513 1984 Vera
551 1942 731 1983 cano:
774 1924 863 1983 sic
906 1940 1100 2001 usque
1144 1941 1349 1984 sacras
1392 1924 1637 1983 innoxia
1677 1919 1885 1981 laurus

425 2006 693 2085 Vescar,
734 2012 799 2066 et
840 2011 1158 2065 aeternum
1199 2007 1281 2066 sit
1322 2007 1472 2065 mihi
1512 2005 1870 2081 virginitas!

340 2090 512 2151 Haec
556 2091 783 2150 cecinit
817 2096 987 2150 vates
1029 2095 1096 2149 et
1136 2096 1202 2150 te
1243 2089 1393 2167 sibi,
1437 2088 1723 2167 Phoebe,
1766 2089 2034 2167 vocavit,

424 2174 675 2234 lactavit
714 2174 881 2234 fusas
924 2179 990 2233 et
1033 2180 1215 2253 caput
1258 2178 1400 2231 ante
1441 2191 1659 2231 comas,

339 2256 646 2335 Quicquid
687 2256 1046 2333 Amalthea,
1093 2255 1383 2333 quicquid
1418 2256 1761 2335 Marpessia
1802 2253 1988 2335 dixit,

421 2338 767 2420 Herophile
810 2339 1061 2398 Phoebo
1107 2345 1277 2416 grata
1323 2338 1488 2417 quod
1531 2338 1876 2417 admonuit,

339 2408 622 2502 Q'uasque
665 2421 903 2483 Albana
942 2441 1145 2481 sacras
1188 2422 1439 2481 Tiberis
1474 2441 1591 2501 per
1632 2423 1880 2485 flumina
1922 2431 2121 2485 sortes

418 2507 694 2567 Portarit
735 2506 898 2565 sicco
942 2505 1397 2584 pertuleritque
1440 2508 1609 2586 sinu,

337 2590 500 2666 (Hae
540 2589 679 2648 fore
724 2587 1010 2652 dixerunt
1052 2588 1206 2649 belli
1246 2588 1404 2648 mala
1448 2590 1654 2669 signa,
1698 2598 2011 2671 cometen,

418 2671 653 2733 Multus
696 2679 765 2731 ut
807 2673 872 2731 in
914 2678 1115 2732 terras
1158 2671 1608 2752 deplueretque
1648 2673 1835 2755 lapis:

334 2760 538 2834 Atque
577 2757 754 2816 tubas
797 2762 982 2835 atque
1021 2777 1185 2816 arma
1228 2757 1444 2818 ferunt
1487 2759 1877 2838 strepitantia
1916 2757 2086 2818 caelo

417 2837 643 2897 Audita
681 2845 746 2899 et
785 2838 960 2899 lucos
1000 2841 1419 2919 praecinuisse
1462 2842 1699 2920 fugam,

330 2923 413 2982 Et
453 2919 778 2982 simulacra
820 2922 1000 2983 deum
1041 2923 1325 2984 lacrimas
1367 2923 1602 2985 fudisse
1646 2930 1931 3004 tepentes

414 3005 690 3083 Fataque
734 3006 978 3067 vocales
1019 3010 1483 3086 praemonuisse
1524 3010 1743 3083 boves,

328 3087 530 3166 Ipsum
572 3089 754 3148 etiam
801 3088 1004 3150 Solem
1045 3090 1357 3152 defectum
1398 3091 1637 3151 luminev
1671 3087 1825 3150 vidit

412 3170 673 3250 Iungere
715 3171 1019 3252 pallentes
1062 3175 1309 3235 nubilus
1353 3194 1543 3235 annus
1582 3172 1806 3251 equos)

327 3254 499 3313 Haec
540 3255 789 3317 fuerant
832 3256 1007 3317 olimz
1051 3257 1163 3317 sed
1206 3266 1273 3317 tu
1314 3260 1432 3317 iam
1474 3259 1670 3333 mitis,
1714 3252 1974 3335 Apollo,

412 3336 702 3418 Prodigia
743 3338 1058 3401 indomitis
1099 3339 1323 3417 merge
1349 3341 1460 3399 sub
1504 3339 1902 3415 aequoribus,

329 3418 414 3479 Et
455 3440 748 3484 succensa
790 3426 981 3484 sacris
1026 3424 1296 3501 crepitet
1336 3424 1496 3481 bene
1537 3419 1752 3481 laurea
1792 3420 2081 3498 flammis,

2286 855 2358 906 50

2281 1272 2350 1324 55

2276 1690 2348 1743 60

2267 2103 2340 2158 65

2260 2518 2333 2572 70

2257 2933 2324 2989 77

2258 3014 2327 3070 78

2258 3100 2325 3154 75

2257 3181 2327 3236 76
