2578 3898
912 237 1200 299 TIBULLI
1242 239 1378 302 LIB.
1415 240 1459 302 1.
1491 251 1541 305 2.

219 411 321 472 Tu
367 418 567 471 tamen
611 410 918 469 abstineas
962 405 1131 467 aliis:
1175 429 1315 469 nam
1361 416 1573 470 cetera
1617 417 1834 470 cernet

305 495 550 555 Omnia:
588 493 667 552 de
708 512 805 553 me
847 511 968 552 uno
1012 495 1244 553 sentiet
1288 494 1422 572 ipse
1466 493 1641 553 nihil.

220 577 385 656 Quid
429 576 723 637 credam‘.²
762 594 985 655 nempe
1024 577 1178 636 haec
1223 577 1437 637 eadem
1482 595 1549 636 se
1593 576 1747 637 dixit
1790 597 2029 638 amores

304 662 602 722 Cantibus
641 667 745 720 aut
780 661 995 719 herbis
1038 659 1282 720 solvere
1325 680 1510 741 posse
1551 679 1757 739 meoS,

216 744 300 808 Et
339 764 439 805 me
477 743 766 804 lustravit
806 743 1039 821 taedis,
1084 751 1150 803 et
1191 751 1377 804 nocte
1422 763 1644 804 serena

302 827 591 891 Concidit
633 826 711 887 ad
752 829 1017 905 magicos
1062 827 1262 888 hostia
1303 827 1477 909 pulla
1520 827 1687 890 deoS.

217 914 354 974 Non
398 932 512 992 ego
555 918 721 972 totus
767 912 1015 971 abesset
1056 931 1256 991 amor,
1301 911 1412 971 sed
1455 920 1698 973 mutuus
1738 920 1932 995 esset,

305 997 601 1071 Orabam,
645 1014 761 1056 nec
805 1002 871 1055 te
912 1014 1096 1075 posse
1137 1014 1353 1055 carere
1395 996 1599 1056 velim.

215 1082 489 1142 Ferreus
534 1079 643 1139 ille
681 1081 832 1156 fuit,
874 1080 1008 1159 qui,
1053 1086 1116 1139 te
1161 1100 1298 1139 cum
1339 1086 1553 1160 posset
1592 1081 1845 1157 habere,

302 1163 604 1225 Maluerit
646 1162 907 1242 praedas
953 1162 1177 1223 stultus
1221 1171 1286 1224 et
1330 1184 1496 1223 arma
1533 1165 1727 1244 sequi.

218 1248 336 1310 Ille
374 1248 524 1308 licet
567 1246 830 1307 Cilicum
870 1248 1063 1307 victas
1109 1255 1248 1325 agat
1289 1255 1433 1309 ante
1479 1254 1788 1326 catervas,

303 1333 501 1392 Ponat
544 1338 609 1391 et
649 1333 716 1390 in
763 1339 941 1411 capto
986 1332 1217 1392 Martia
1262 1340 1464 1392 castra
1505 1331 1672 1409 solo,

220 1416 418 1477 Totus
462 1423 527 1476 et
570 1422 824 1493 argento
869 1421 1221 1494 contextus,
1262 1422 1429 1476 totus
1474 1422 1540 1476 et
1580 1434 1763 1494 auro,

300 1499 572 1560 Insideat
615 1498 811 1559 celeri
853 1499 1323 1579 conspiciendus
1370 1518 1563 1578 equo,

219 1585 357 1664 Ipse
402 1585 589 1643 boves
631 1603 767 1642 mea
808 1584 861 1642 si
902 1588 1106 1643 tecum
1143 1582 1325 1643 modo
1373 1583 1549 1643 Delia
1590 1583 1819 1661 possim

303 1667 564 1746 Iungere
609 1674 675 1726 et
715 1668 780 1725 in
821 1665 1005 1725 solito
1048 1686 1305 1744 pascere
1349 1673 1558 1726 moute
1602 1683 1823 1744 pecus:

216 1752 304 1811 Et
346 1757 410 1810 te
450 1750 594 1810 dum
633 1748 826 1808 liceat
867 1751 1103 1809 teneris
1145 1752 1424 1809 retinere
1464 1749 1754 1826 lacertis,

305 1832 521 1895 Mollis
568 1840 633 1893 et
668 1832 900 1892 inculta
941 1835 1025 1893 sit
1059 1834 1210 1893 mihi
1251 1846 1496 1893 somnus
1538 1833 1741 1893 humo.

223 1916 384 1996 Quid
429 1917 623 1997 Tyrio
668 1918 968 1978 recubare
1012 1923 1150 1978 toro
1193 1919 1327 1979 sine
1368 1934 1574 1978 amore
1609 1915 1878 1977 secundo

307 2000 606 2080 Prodest,
653 2022 787 2062 cum
831 2003 984 2062 fletu
1024 2022 1147 2063 nox
1185 2002 1493 2081 vigilanda
1538 2001 1749 2061 venit?

221 2085 373 2146 Nam
413 2104 616 2163 neque
654 2092 781 2145 tum
822 2083 1063 2164 plumae
1107 2104 1224 2146 nec
1266 2085 1537 2165 stragula
1579 2086 1743 2164 picta
1780 2103 2065 2163 soporem

305 2170 437 2230 Nec
480 2170 715 2228 sonitus
757 2168 1036 2248 placidae
1082 2168 1313 2229 ducere
1353 2175 1568 2249 posset
1614 2186 1824 2245 aquae.

223 2253 380 2313 Num
421 2253 689 2315 Veneris
732 2271 986 2331 magnae
1027 2252 1248 2313 violavi
1289 2254 1539 2312 numina
1579 2252 1805 2330 verbe,

305 2339 390 2397 Et
431 2355 567 2396 mea
606 2356 768 2395 nunc
808 2355 1040 2417 poenas
1081 2338 1267 2416 impia
1302 2335 1511 2416 lingua
1549 2333 1715 2394 luit?
1775 2375 1778 2378 -

223 2419 381 2480 Num
424 2421 597 2479 feror
637 2422 910 2481 incestus
952 2419 1133 2482 sedes
1176 2420 1402 2481 adiisse
1442 2420 1699 2502 deorum

310 2503 613 2583 Sertaque
657 2503 736 2564 de
775 2506 1003 2564 sanctis
1043 2503 1373 2586 diripuisse
1414 2504 1617 2565 focis?

223 2587 361 2648 Non
404 2606 549 2666 ego,
594 2588 647 2647 si
689 2590 917 2667 merui,
959 2587 1234 2649 dubitem
1265 2590 1678 2670 procumbere
1722 2588 1972 2669 templis

308 2671 392 2733 Et
433 2670 581 2731 dare
624 2674 878 2733 sacratis
924 2672 1131 2733 oscula
1170 2672 1515 2751 liminibus,

224 2755 361 2816 Non
405 2774 519 2834 ego
559 2754 852 2815 tellurem
894 2758 1151 2833 genibus
1188 2775 1533 2834 perrepere
1577 2753 1834 2832 supplex

309 2840 394 2900 Et
433 2842 724 2900 miserum
767 2844 979 2898 sancto
1023 2837 1289 2897 tundere
1333 2844 1514 2917 poste
1560 2843 1758 2916 caput.

226 2923 312 2983 At
351 2929 453 3002 tu,
498 2924 603 3002 qui
639 2920 841 2982 laetus
884 2919 1055 2980 rides
1097 2919 1257 2981 mala
1302 2928 1548 2999 nostra,
1596 2929 1807 2982 caveto

312 3007 462 3067 Mox
504 3007 650 3068 tibi:
689 3020 1006 3065 nonunus
1048 3006 1281 3065 saeviet
1323 3024 1517 3084 usque
1562 3004 1731 3066 deus.

226 3090 375 3152 Vidi
420 3110 569 3170 ego,
614 3092 717 3169 qui
742 3092 1043 3150 iuvenum
1086 3091 1346 3151 miseros
1387 3088 1643 3152 lusisset
1684 3107 1955 3167 amores,

310 3175 462 3235 Post
502 3176 770 3238 Veneris
814 3172 1032 3234 vinclis
1076 3174 1346 3235 subdere
1389 3173 1551 3236 colla
1594 3193 1805 3234 senem

227 3258 311 3320 Et
352 3260 470 3318 sibi
514 3256 846 3317 blanditias
887 3257 1149 3319 tremula
1194 3276 1566 3340 componere
1606 3276 1759 3318 voce

312 3343 397 3403 Et
434 3344 709 3403 manibus
755 3362 933 3402 canas
975 3344 1212 3422 fingere
1250 3341 1418 3404 velle
1459 3361 1687 3403 comas:

234 3426 415 3486 Stare
456 3445 574 3486 nec
616 3434 758 3486 ante
801 3426 971 3486 fores
1011 3426 1234 3507 puduit
1275 3444 1531 3488 caraeve
1571 3424 1815 3506 puellae

320 3507 627 3569 Ancillam
671 3510 874 3572 medio
920 3510 1261 3571 detinuisse
1305 3511 1464 3570 soro.

2153 673 2223 726 60

2153 1092 2219 1144 65

2153 1507 2222 1561 70

2152 1928 2220 1983 75

2157 2762 2226 2815 85

2161 3181 2231 3239 90
