2578 3898
816 200 1106 262 'rmum
1144 200 1280 261 Lm.
1314 200 1357 260 1.
1391 210 1442 264 9.
1478 213 1560 264 ιο.
2099 152 2182 263 21

174 371 288 434 ΙΠι
329 368 499 431 nulla
542 376 730 449 queat
769 369 989 431 melius
1035 387 1399 429 consumere
1443 375 1689 430 noctem

259 456 386 515 Aut
430 473 684 534 operum
726 456 925 514 varias
967 454 1347 534 disposuisse
1387 454 1573 514 vices.

173 541 260 599 At
301 544 407 597 tua
448 535 815 617 perdidicit:
859 557 976 598 nec
1018 545 1116 615 tu,
1163 536 1559 615 stultissime,
1603 539 1830 613 sentis,
2116 548 2184 601 65

261 623 415 681 Cum
458 622 575 680 tibi
619 640 742 680 non
784 620 968 681 solita
1011 641 1233 701 corpus
1273 623 1347 681 ab
1390 627 1524 681 arte
1569 628 1792 682 movet.

176 705 358 766 Tune
400 711 579 784 putas
612 702 786 763 illam
827 725 942 785 pro
985 712 1051 764 te
1091 704 1426 785 disponere
1469 705 1675 765 crines

260 790 386 849 Aut
424 796 646 848 tenues
694 788 886 848 denso
926 794 1185 868 pectere
1227 787 1418 848 dente
1464 789 1711 848 comas?

175 874 297 933 Ista
333 873 489 933 haec
535 871 873 953 persuadet
911 872 1137 950 facies,
1182 891 1455 949 auroque
1496 870 1769 933 lacertos

261 956 512 1017 Vinciat
554 963 620 1017 et
659 955 854 1034 Tyrio
897 956 1165 1036 prodeat
1207 963 1347 1036 apta
1380 959 1536 1018 sinu.
1631 974 1642 985 ⁸
2116 965 2184 1020 7⁰

174 1041 313 1100 Non
353 1041 500 1118 tibi,
547 1039 660 1101 sed
696 1041 902 1100 iuveni
944 1040 1183 1101 cuidam
1220 1038 1352 1100 vult
1392 1039 1559 1100 bella
1595 1039 1829 1118 videri,

259 1124 571 1184 Devoveat
605 1144 721 1204 pro
769 1142 891 1203 quo
936 1143 1195 1204 remque
1241 1123 1610 1202 domumque
1652 1130 1837 1184 tuam.

174 1206 306 1268 Nec
343 1208 495 1268 facit
535 1209 655 1268 hoc
693 1209 877 1282 vitio,
921 1208 1036 1268 sed
1078 1228 1341 1289 corpora
1381 1208 1567 1268 foeda
1606 1208 1881 1289 podagra

257 1292 342 1352 Et
383 1293 550 1352 senis
589 1290 903 1373 amplexus
942 1292 1108 1353 culta
1146 1291 1354 1372 puella
1392 1292 1571 1370 fugit.

174 1374 336 1435 Huic
374 1382 578 1435 tamen
623 1376 906 1436 accubuit
948 1382 1163 1437 noster
1203 1395 1394 1456 puer:
1437 1377 1601 1436 hunc
1644 1395 1758 1455 ego
1806 1374 2053 1438 credam
2117 1383 2184 1437 75

261 1459 415 1519 Cum
456 1461 733 1519 trucibus
767 1459 1083 1520 Venerem
1121 1461 1384 1538 iungere
1426 1478 1613 1539 posse
1654 1461 1833 1521 feris.

176 1541 599 1603 Blanditiasne
636 1561 803 1602 meas
848 1541 985 1603 aliis
1028 1549 1095 1603 tu
1133 1539 1409 1604 vendere
1453 1561 1521 1603 es
1561 1564 1773 1622 ausus,

262 1626 441 1687 Tune
484 1625 622 1686 aliis
666 1626 921 1686 demens
962 1626 1170 1686 oscula
1211 1628 1386 1687 ferre
1422 1628 1605 1686 mea?

176 1708 355 1770 Tunc
395 1711 607 1787 flebis,
653 1729 790 1769 cum
831 1726 930 1768 me
968 1711 1236 1770 vinctum
1274 1723 1434 1791 puer
1475 1708 1637 1771 alter
1676 1711 1933 1772 habebit
2165 1780 2166 1783 Ἴ

255 1794 340 1853 Et
383 1799 562 1872 geret
594 1796 659 1852 in
702 1811 899 1871 regno
939 1793 1152 1871 regna'
1175 1795 1440 1873 superba
1477 1800 1604 1855 tuo.
2116 1802 2185 1856 80

175 1878 259 1938 At
299 1883 403 1936 tua
443 1884 573 1937 tum
613 1895 713 1936 me
754 1893 957 1957 poena
997 1879 1197 1956 iuvet,
1241 1879 1605 1957 Venerique
1646 1880 1914 1939 merenti

258 1961 410 2022 Fixa
450 1968 626 2022 notet
670 1981 843 2023 casus
886 1981 1071 2022 aurea
1112 1962 1312 2043 palma
1354 1980 1544 2027 meos.

179 2044 389 2105 ‘Hanc
430 2047 547 2106 tibi
584 2044 795 2106 fallaci
833 2045 1146 2107 resolutus
1191 2063 1400 2107 amore
1448 2045 1738 2108 Tibullus

259 2128 522 2190 Dedicat
566 2136 632 2190 et
673 2134 849 2207 grata
889 2130 1009 2207 sis,
1051 2130 1198 2207 dea,
1243 2138 1456 2191 mente
1492 2133 1713 2211 rogat?

1127 2348 1216 2413 X.

178 2433 337 2536 Quis
377 2463 530 2540 fuit,
566 2463 915 2526 horrendos
955 2465 1191 2546 primus
1231 2466 1337 2544 qui
1375 2464 1639 2546 protulit
1680 2467 1911 2527 enses?

260 2550 453 2627 Quam
494 2548 665 2609 ferus
709 2556 775 2610 et
816 2567 966 2609 vere
1006 2550 1253 2610 ferreus
1298 2548 1409 2609 ille
1453 2550 1602 2609 fuit!

175 2635 338 2696 Tum
382 2630 603 2692 caedes
645 2633 959 2695 hominum
1003 2634 1253 2712 generi,
1297 2640 1428 2693 tum
1467 2631 1707 2714 praelia
1746 2641 1920 2711 nata,

261 2717 421 2777 Tum
463 2716 713 2775 brevior
758 2716 931 2776 dirae
970 2719 1190 2777 mortis
1234 2724 1451 2795 aperta
1491 2719 1589 2775 via
1630 2722 1745 2776 est.

174 2803 273 2862 An
312 2797 473 2859 nihil
513 2796 626 2857 ille
668 2800 859 2858 miser
899 2800 1175 2858 meruit?
1218 2817 1333 2856 nos
1376 2798 1454 2858 ad
1494 2797 1653 2856 mala
1697 2804 1908 2857 nostra
2153 2811 2184 2860 5

259 2884 610 2959 VertimuS,
650 2881 717 2940 in
750 2900 960 2941 saevas
1002 2880 1167 2958 quod
1208 2879 1386 2940 dedit
1425 2879 1539 2940 ille
1580 2881 1767 2943 feras.

175 2968 399 3029 Divitis
439 2966 561 3025 hoc
596 2966 809 3025 vitium
853 2969 953 3024 est
994 2966 1144 3025 auri.
1187 2964 1319 3024 Nec
1363 2964 1527 3026 bella
1563 2965 1846 3043 fuerunt,

261 3051 532 3128 Faginus
577 3051 814 3109 astabat
854 3067 989 3108 cum
1031 3050 1299 3128 scyphus
1339 3056 1481 3109 ante
1527 3048 1738 3130 dapes,

171 3136 314 3197 Non
353 3151 558 3210 arces,
600 3151 725 3191 non
766 3130 963 3191 vallus
1003 3139 1170 3211 erat,
1209 3152 1609 3212 somnumque
1649 3134 1908 3214 petebat

260 3218 528 3279 Securus
569 3217 766 3275 varias
810 3215 932 3276 dux
973 3218 1178 3295 gregis
1219 3219 1389 3277 inter
1426 3237 1589 3278 oves.
2124 3224 2189 3277 10

173 3303 354 3364 Tunc
395 3300 546 3359 mihi
586 3300 710 3358 vita
750 3299 950 3376 foret,
991 3300 1157 3378 vulgi
1199 3320 1316 3361 nec
1357 3302 1563 3361 tristia
1601 3317 1848 3359 nossem

261 3386 451 3446 Arma
493 3401 610 3442 nec
655 3383 960 3444 audissem
996 3384 1185 3443 corde
1227 3386 1495 3444 micante
1538 3385 1782 3444 tubamt'

168 3468 350 3531 Nunc
386 3466 465 3526 ad
504 3464 673 3527 bella
714 3469 964 3547 trahor,
1008 3473 1075 3527 et
1116 3469 1236 3529 iam
1277 3468 1415 3546 quis
1461 3468 1725 3529 forsitan
1766 3467 1966 3527 hostis
