2578 3898
651 175 938 245 ΤιΒυιιι
981 174 1388 255 (nomm)
1434 175 1570 236 ιιΒ.
1602 175 1702 237 ιιι.
1732 186 1787 239 4.
2134 177 2216 240 39

1150 381 1265 447 IV.

216 468 332 561 Dii
377 495 637 558 meliora
679 497 915 576 ferant,
959 515 1075 557 nec
1119 498 1244 557 sint
1280 498 1581 559 insomnia
1623 517 1801 576 vera,

305 581 476 657 Quae
516 578 664 640 tulit
704 582 998 640 hesterna
1037 582 1306 661 pessima
1346 590 1531 643 nocte
1575 583 1767 661 quies,

224 665 314 725 Ite
358 661 613 743 procul,
652 665 823 737 vani,
865 663 1208 742 falsumque
1253 668 1516 726 avertite
1560 668 1784 726 visum:

307 748 586 807 Desinite
628 747 691 806 in
735 748 913 808 nobis
959 766 1261 828 quaerere
1304 749 1466 809 velle
1508 748 1714 809 fidem.

221 831 360 891 Divi
399 849 546 891 vera
587 836 869 906 monent,
907 838 1203 892 venturae
1243 835 1459 895 nuntia
1497 835 1682 893 sortis
2187 841 2219 893 5

309 914 475 976 Vera
515 920 769 974 monent
814 915 1034 975 Tuscis
1079 922 1217 975 exta
1258 918 1517 996 probata
1557 917 1736 976 viris:

223 997 471 1058 Somnia
510 996 720 1057 fallaci
760 996 984 1057 ludunt
1029 1001 1360 1058 temeraria
1401 1004 1584 1059 nocte

225 1074 228 1079 ’
305 1081 389 1140 Et
429 1079 678 1160 pavidas
716 1087 955 1142 mentes
995 1080 1153 1142 falsa
1196 1083 1420 1142 timere
1465 1083 1714 1160 iubent,

220 1164 305 1227 Et
346 1168 551 1223 natum
591 1165 658 1222 in
702 1183 877 1224 curas
917 1165 1230 1225 hominum
1271 1184 1463 1244 genus
1508 1166 1709 1226 omina
1749 1166 1947 1227 noetis

306 1247 501 1307 Farre
541 1248 646 1327 pio
688 1243 936 1327 placant
977 1255 1043 1308 et
1081 1247 1344 1310 saliente
1386 1247 1533 1308 sale.
2160 1258 2223 1312 10

148 1368 153 1372 ·
222 1331 307 1393 Et
344 1336 581 1408 tamen,
624 1336 934 1410 utcunque
980 1338 1110 1410 est,
1154 1333 1281 1391 sive
1323 1330 1419 1391 illi
1461 1351 1606 1391 vera
1649 1334 1919 1412 moneri,

310 1411 601 1473 Mendaci
643 1432 852 1472 somno
899 1413 1160 1474 credere
1204 1416 1333 1473 sive
1374 1414 1614 1492 volent,

223 1496 474 1559 Efficiat
515 1514 700 1555 vanos
744 1497 942 1556 noctis
971 1497 1214 1556 Lucina
1255 1498 1510 1558 timores

309 1580 393 1639 Et
435 1579 667 1638 frustra
707 1580 1060 1640 inmeritum
1103 1581 1499 1660 pertimuisse
1543 1579 1725 1659 velit,

229 1661 297 1722 Si
334 1680 468 1721 mea
508 1680 624 1720 nee
660 1664 826 1743 turpi
868 1681 1041 1722 mens
1081 1670 1178 1723 est
1223 1665 1483 1723 obnoxia
1523 1664 1689 1724 facto
2162 1674 2224 1726 15

310 1743 441 1804 Nec
480 1742 661 1804 laesit
704 1762 956 1823 magnos
997 1746 1182 1826 impia
1215 1745 1425 1825 lingua
1469 1745 1641 1807 deos.

226 1828 351 1887 Iam
391 1826 526 1887 Nox
569 1828 913 1888 aetherium
953 1829 1147 1908 nigris
1191 1848 1441 1889 emensa
1479 1828 1789 1909 quadrigis

311 1909 608 1972 Mundum
657 1910 942 1973 caeruleo
984 1911 1219 1974 laverat
1260 1932 1437 1974 amne
1478 1919 1679 1994 rotas,

225 1993 357 2055 Nec
397 2013 496 2054 me
535 1996 808 2075 sopierat
851 1998 1053 2057 menti
1088 1997 1239 2059 deus
1280 1997 1453 2058 utilis
1493 2016 1748 2076 aegrae:
2115 2037 2118 2042 -

313 2078 571 2138 Somnus
615 2077 912 2138 sollicitas
955 2080 1168 2140 deficit
1205 2088 1348 2141 ante
1389 2079 1619 2141 domos.
2160 2090 2230 2142 20

228 2158 547 2239 Tandem,
592 2181 726 2221 cum
771 2181 1001 2220 summo
1039 2162 1327 2223 Phoebus
1368 2164 1688 2243 prospexit
1729 2164 1803 2224 ab
1849 2169 2021 2243 ortu,

314 2247 554 2306 Pressit
596 2243 944 2322 languentis
984 2243 1215 2305 lumina
1258 2265 1399 2307 sera
1442 2248 1636 2324 quies.

226 2330 350 2392 Hic
391 2329 629 2388 iuvenis
674 2334 840 2387 casta
882 2326 1206 2388 redImitus
1243 2336 1526 2410 tempora
1566 2327 1741 2390 lauro

314 2415 431 2472 Est
470 2412 634 2471 visus
672 2417 885 2471 nostra
926 2430 1163 2491 ponere
1208 2412 1360 2473 sede
1403 2413 1645 2492 pedem.

229 2496 369 2558 Non
408 2493 519 2555 illo
565 2494 889 2573 quicquam
929 2496 1260 2556 formosius
1305 2495 1433 2555 ulla
1475 2498 1752 2576 priorum
2161 2509 2228 2561 25

315 2579 539 2655 Aetas,
582 2579 907 2638 humanum
949 2598 1065 2640 nec
1106 2580 1278 2640 videt
1318 2579 1473 2640 illud
1515 2600 1684 2661 opus.

230 2663 465 2725 Intonsi
510 2662 714 2721 crines
754 2659 941 2741 longa
979 2665 1219 2724 cervice
1263 2665 1571 2742 fluebant,

320 2743 609 2805 stillabat
651 2745 831 2822 Syrio
876 2753 1116 2823 myrtea
1158 2766 1304 2806 rore
1346 2766 1534 2806 coma.

235 2828 483 2891 Candor
524 2832 696 2904 erat,
742 2825 979 2905 qualem
1021 2829 1302 2907 praefert
1342 2827 1592 2889 Latonia
1632 2828 1838 2908 Luna,

317 2914 402 2973 Et
443 2908 618 2971 color
658 2911 724 2969 in
759 2912 938 2970 niveo
983 2930 1244 2991 corpore
1285 2930 1666 2992 purpureus,
2166 2922 2236 2974 30

235 2995 319 3057 Ut
354 2995 561 3055 iuveni
601 2996 866 3074 primum
908 2995 1079 3072 virgo
1125 2994 1392 3055 deducta
1431 2996 1651 3056 marito

322 3079 595 3139 Inficitur
631 3085 878 3139 teneras
919 3096 1029 3138 ore
1069 3081 1334 3138 rubente
1378 3098 1599 3158 genas,

234 3164 321 3226 Et
365 3180 500 3220 cum
542 3166 878 3221 contexunt
920 3164 1245 3222 amarantis
1291 3161 1431 3224 alba
1471 3161 1717 3243 puellae

321 3243 484 3305 Lilia
528 3249 595 3303 et
637 3248 921 3303 autumno
968 3244 1225 3304 candida
1265 3245 1425 3306 mala
1466 3248 1710 3308 rubent.

239 3328 363 3391 Ima
402 3324 726 3388 videbatur
766 3325 908 3387 talis
950 3326 1217 3389 illudere
1259 3328 1454 3409 pallas
2166 3338 2234 3394 35

326 3410 599 3489 Namque
640 3410 794 3471 haec
836 3410 902 3470 in
942 3411 1139 3492 nitido
1165 3405 1449 3491 'corpore
1485 3413 1675 3475 vestis
1718 3420 1870 3479 erat.
